%YAML 1.1
%TAG !u! tag:unity3d.com,2011:
--- !u!29 &1
OcclusionCullingSettings:
  m_ObjectHideFlags: 0
  serializedVersion: 2
  m_OcclusionBakeSettings:
    smallestOccluder: 5
    smallestHole: 0.25
    backfaceThreshold: 100
  m_SceneGUID: 00000000000000000000000000000000
  m_OcclusionCullingData: {fileID: 0}
--- !u!104 &2
RenderSettings:
  m_ObjectHideFlags: 0
  serializedVersion: 8
  m_Fog: 0
  m_FogColor: {r: 0.5, g: 0.5, b: 0.5, a: 1}
  m_FogMode: 3
  m_FogDensity: 0.01
  m_LinearFogStart: 0
  m_LinearFogEnd: 300
  m_AmbientSkyColor: {r: 0.212, g: 0.227, b: 0.259, a: 1}
  m_AmbientEquatorColor: {r: 0.114, g: 0.125, b: 0.133, a: 1}
  m_AmbientGroundColor: {r: 0.047, g: 0.043, b: 0.035, a: 1}
  m_AmbientIntensity: 1
  m_AmbientMode: 0
  m_SubtractiveShadowColor: {r: 0.42, g: 0.478, b: 0.627, a: 1}
  m_SkyboxMaterial: {fileID: 10304, guid: 0000000000000000f000000000000000, type: 0}
  m_HaloStrength: 0.5
  m_FlareStrength: 1
  m_FlareFadeSpeed: 3
  m_HaloTexture: {fileID: 0}
  m_SpotCookie: {fileID: 10001, guid: 0000000000000000e000000000000000, type: 0}
  m_DefaultReflectionMode: 0
  m_DefaultReflectionResolution: 128
  m_ReflectionBounces: 1
  m_ReflectionIntensity: 1
  m_CustomReflection: {fileID: 0}
  m_Sun: {fileID: 0}
  m_IndirectSpecularColor: {r: 0, g: 0, b: 0, a: 1}
--- !u!157 &3
LightmapSettings:
  m_ObjectHideFlags: 0
  serializedVersion: 9
  m_GIWorkflowMode: 1
  m_GISettings:
    serializedVersion: 2
    m_BounceScale: 1
    m_IndirectOutputScale: 1
    m_AlbedoBoost: 1
    m_TemporalCoherenceThreshold: 1
    m_EnvironmentLightingMode: 0
    m_EnableBakedLightmaps: 1
    m_EnableRealtimeLightmaps: 1
  m_LightmapEditorSettings:
    serializedVersion: 8
    m_Resolution: 2
    m_BakeResolution: 40
    m_TextureWidth: 1024
    m_TextureHeight: 1024
    m_AO: 0
    m_AOMaxDistance: 1
    m_CompAOExponent: 1
    m_CompAOExponentDirect: 0
    m_Padding: 2
    m_LightmapParameters: {fileID: 0}
    m_LightmapsBakeMode: 1
    m_TextureCompression: 1
    m_FinalGather: 0
    m_FinalGatherFiltering: 1
    m_FinalGatherRayCount: 256
    m_ReflectionCompression: 2
    m_MixedBakeMode: 3
    m_BakeBackend: 0
    m_PVRSampling: 1
    m_PVRDirectSampleCount: 32
    m_PVRSampleCount: 500
    m_PVRBounces: 2
    m_PVRFiltering: 0
    m_PVRFilteringMode: 1
    m_PVRCulling: 1
    m_PVRFilteringGaussRadiusDirect: 1
    m_PVRFilteringGaussRadiusIndirect: 5
    m_PVRFilteringGaussRadiusAO: 2
    m_PVRFilteringAtrousColorSigma: 1
    m_PVRFilteringAtrousNormalSigma: 1
    m_PVRFilteringAtrousPositionSigma: 1
  m_LightingDataAsset: {fileID: 0}
  m_ShadowMaskMode: 2
--- !u!196 &4
NavMeshSettings:
  serializedVersion: 2
  m_ObjectHideFlags: 0
  m_BuildSettings:
    serializedVersion: 2
    agentTypeID: 0
    agentRadius: 0.5
    agentHeight: 2
    agentSlope: 45
    agentClimb: 0.4
    ledgeDropHeight: 0
    maxJumpAcrossDistance: 0
    minRegionArea: 2
    manualCellSize: 0
    cellSize: 0.16666667
    manualTileSize: 0
    tileSize: 256
    accuratePlacement: 0
  m_NavMeshData: {fileID: 0}
--- !u!1 &18206369
GameObject:
  m_ObjectHideFlags: 0
  m_PrefabParentObject: {fileID: 0}
  m_PrefabInternal: {fileID: 0}
  serializedVersion: 5
  m_Component:
  - component: {fileID: 18206371}
  - component: {fileID: 18206370}
  m_Layer: 0
  m_Name: Directional Light
  m_TagString: Untagged
  m_Icon: {fileID: 0}
  m_NavMeshLayer: 0
  m_StaticEditorFlags: 0
  m_IsActive: 1
--- !u!108 &18206370
Light:
  m_ObjectHideFlags: 0
  m_PrefabParentObject: {fileID: 0}
  m_PrefabInternal: {fileID: 0}
  m_GameObject: {fileID: 18206369}
  m_Enabled: 1
  serializedVersion: 8
  m_Type: 1
  m_Color: {r: 1, g: 0.95686275, b: 0.8392157, a: 1}
  m_Intensity: 1
  m_Range: 10
  m_SpotAngle: 30
  m_CookieSize: 10
  m_Shadows:
    m_Type: 2
    m_Resolution: -1
    m_CustomResolution: -1
    m_Strength: 1
    m_Bias: 0.05
    m_NormalBias: 0.4
    m_NearPlane: 0.2
  m_Cookie: {fileID: 0}
  m_DrawHalo: 0
  m_Flare: {fileID: 0}
  m_RenderMode: 0
  m_CullingMask:
    serializedVersion: 2
    m_Bits: 4294967295
  m_Lightmapping: 4
  m_AreaSize: {x: 1, y: 1}
  m_BounceIntensity: 1
  m_ColorTemperature: 6570
  m_UseColorTemperature: 0
  m_ShadowRadius: 0
  m_ShadowAngle: 0
--- !u!4 &18206371
Transform:
  m_ObjectHideFlags: 0
  m_PrefabParentObject: {fileID: 0}
  m_PrefabInternal: {fileID: 0}
  m_GameObject: {fileID: 18206369}
  m_LocalRotation: {x: 0.40821788, y: -0.23456968, z: 0.10938163, w: 0.8754261}
  m_LocalPosition: {x: 0, y: 3, z: 0}
  m_LocalScale: {x: 1, y: 1, z: 1}
  m_Children: []
  m_Father: {fileID: 0}
  m_RootOrder: 0
  m_LocalEulerAnglesHint: {x: 50, y: -30, z: 0}
--- !u!223 &46113972
Canvas:
  m_ObjectHideFlags: 0
  m_PrefabParentObject: {fileID: 223498586829503172, guid: c2cdc0218ba6f8c4791a9e51937122c8,
    type: 2}
  m_PrefabInternal: {fileID: 0}
  m_GameObject: {fileID: 519387276}
  m_Enabled: 1
  serializedVersion: 3
  m_RenderMode: 0
  m_Camera: {fileID: 0}
  m_PlaneDistance: 100
  m_PixelPerfect: 0
  m_ReceivesEvents: 1
  m_OverrideSorting: 0
  m_OverridePixelPerfect: 0
  m_SortingBucketNormalizedSize: 0
  m_AdditionalShaderChannelsFlag: 0
  m_SortingLayerID: 0
  m_SortingOrder: 0
  m_TargetDisplay: 0
--- !u!1 &49807146
GameObject:
  m_ObjectHideFlags: 0
  m_PrefabParentObject: {fileID: 0}
  m_PrefabInternal: {fileID: 0}
  serializedVersion: 5
  m_Component:
  - component: {fileID: 49807147}
  m_Layer: 0
  m_Name: '----------------------'
  m_TagString: Untagged
  m_Icon: {fileID: 0}
  m_NavMeshLayer: 0
  m_StaticEditorFlags: 0
  m_IsActive: 1
--- !u!4 &49807147
Transform:
  m_ObjectHideFlags: 0
  m_PrefabParentObject: {fileID: 0}
  m_PrefabInternal: {fileID: 0}
  m_GameObject: {fileID: 49807146}
  m_LocalRotation: {x: 0, y: 0, z: 0, w: 1}
  m_LocalPosition: {x: 0, y: -10.4121895, z: 12.573396}
  m_LocalScale: {x: 1, y: 1, z: 1}
  m_Children: []
  m_Father: {fileID: 0}
  m_RootOrder: 7
  m_LocalEulerAnglesHint: {x: 0, y: 0, z: 0}
--- !u!4 &78565139
Transform:
  m_ObjectHideFlags: 0
  m_PrefabParentObject: {fileID: 4405465626674330, guid: 19ed68c2513f99d4eab64f107628d2b9,
    type: 2}
  m_PrefabInternal: {fileID: 0}
  m_GameObject: {fileID: 78565140}
  m_LocalRotation: {x: -0, y: -0, z: -0, w: 1}
  m_LocalPosition: {x: 0, y: 0, z: 0}
  m_LocalScale: {x: 1, y: 1, z: 1}
  m_Children: []
  m_Father: {fileID: 847121986}
  m_RootOrder: 0
  m_LocalEulerAnglesHint: {x: 0, y: 0, z: 0}
--- !u!1 &78565140
GameObject:
  m_ObjectHideFlags: 0
  m_PrefabParentObject: {fileID: 1848465979828718, guid: 19ed68c2513f99d4eab64f107628d2b9,
    type: 2}
  m_PrefabInternal: {fileID: 0}
  serializedVersion: 5
  m_Component:
  - component: {fileID: 78565139}
  - component: {fileID: 78565142}
  - component: {fileID: 78565141}
  m_Layer: 0
  m_Name: State1
  m_TagString: Untagged
  m_Icon: {fileID: 0}
  m_NavMeshLayer: 0
  m_StaticEditorFlags: 0
  m_IsActive: 1
--- !u!114 &78565141
MonoBehaviour:
  m_ObjectHideFlags: 0
  m_PrefabParentObject: {fileID: 0}
  m_PrefabInternal: {fileID: 0}
  m_GameObject: {fileID: 78565140}
  m_Enabled: 1
  m_EditorHideFlags: 0
  m_Script: {fileID: 11500000, guid: bf9c3e073e6c8f244bc68ce210ea4674, type: 3}
  m_Name: 
  m_EditorClassIdentifier: 
  CustomTextBoxList:
  - {fileID: 202544690}
--- !u!114 &78565142
MonoBehaviour:
  m_ObjectHideFlags: 0
  m_PrefabParentObject: {fileID: 114165750419983716, guid: 19ed68c2513f99d4eab64f107628d2b9,
    type: 2}
  m_PrefabInternal: {fileID: 0}
  m_GameObject: {fileID: 78565140}
  m_Enabled: 1
  m_EditorHideFlags: 0
  m_Script: {fileID: 11500000, guid: 76cbd676b0dc8244fb0f44f2cf2a0135, type: 3}
  m_Name: 
  m_EditorClassIdentifier: 
  StateIndex: 0
  StateDescription: State 1 Description
  showStateDescription: 1
  DevelopersOwnNotes: 
  MyHotspot: {fileID: 134449353}
  statesHotspotMoveToMode: 0
  OnArrivalEvents:
    List: []
  ForwardEvents:
    List: []
  autoPlayForward: 0
  BackwardEvents:
    List: []
  autoPlayBackward: 0
  hasAnimations: 0
  _checkingInvokes: 0
--- !u!1 &134449353
GameObject:
  m_ObjectHideFlags: 0
  m_PrefabParentObject: {fileID: 1660843294733746, guid: a3728dd16f0203a4d9531d6385037b01,
    type: 2}
  m_PrefabInternal: {fileID: 0}
  serializedVersion: 5
  m_Component:
  - component: {fileID: 134449359}
  - component: {fileID: 134449358}
  m_Layer: 0
  m_Name: HotSpot_Overview
  m_TagString: Untagged
  m_Icon: {fileID: 0}
  m_NavMeshLayer: 0
  m_StaticEditorFlags: 0
  m_IsActive: 1
--- !u!114 &134449358
MonoBehaviour:
  m_ObjectHideFlags: 0
  m_PrefabParentObject: {fileID: 114332510774313808, guid: a3728dd16f0203a4d9531d6385037b01,
    type: 2}
  m_PrefabInternal: {fileID: 0}
  m_GameObject: {fileID: 134449353}
  m_Enabled: 1
  m_EditorHideFlags: 0
  m_Script: {fileID: 11500000, guid: 0167164cf47a3a946800f7d30572050f, type: 3}
  m_Name: 
  m_EditorClassIdentifier: 
  PressHotSpotEvent:
    _id: State1Activate
  CamObject: {fileID: 0}
  LookAtObject: {fileID: 892143064}
  lookAtObjectTrackingMode: 0
  LookAtObjectDeltaMove: {x: 0, y: 0, z: 0}
  slaveCameraMode: 0
  hotspotMoveToMode: 0
  buttonPrefab: 0
  buttonShowMode: 0
  hideBackButton: 1
  cameraFov: 0
  HideSiblingsWhenActive: 0
  LockPosition: 0
  LockRotation: 0
  Button: {fileID: 0}
  UseCameraAnglesLimit: 0
  MinCameraAngle: 15
  MaxCameraAngle: 35
  UseCameraZoomDistanceLimit: 0
  MinZoomDistance: 10
  MaxZoomDistance: 50
  AllowUserInterruptCameraTransition: 1
  DistanceToInterruptCameraTransition: 0
  CustomButtonPosition: {fileID: 0}
  autoOrbitSpeed: 0
  autoOrbitDelay: 0
  useCameraSettingFromHotSpotCamera: 0
  GizmosRadius: 0.2
  GizmoColor: {r: 0.5, g: 0.5, b: 0.5, a: 1}
  State: {fileID: 0}
  OverrideStateViscoComponents: 0
  cameraStartGoingToActions:
    List: []
  cameraArriveActions:
    List: []
  cameraLeaveActions:
    List: []
  backButtonActions:
    List: []
  MyCommonTools:
    viscoButtonList: {fileID: 0}
    viscoButtonsSize: {x: 0, y: 0}
    viscoDescriptionManager: {fileID: 0}
    viscoVideoManager: {fileID: 0}
    viscoImageManager: {fileID: 0}
    sideMenuManager: {fileID: 0}
--- !u!4 &134449359
Transform:
  m_ObjectHideFlags: 0
  m_PrefabParentObject: {fileID: 4066327539237156, guid: a3728dd16f0203a4d9531d6385037b01,
    type: 2}
  m_PrefabInternal: {fileID: 0}
  m_GameObject: {fileID: 134449353}
  m_LocalRotation: {x: -0.45212334, y: 0, z: -0, w: 0.89195544}
  m_LocalPosition: {x: 0, y: 8.53, z: -3.66}
  m_LocalScale: {x: 1, y: 1, z: 1}
  m_Children:
  - {fileID: 892143067}
  - {fileID: 1825113633}
  - {fileID: 1463768951}
  - {fileID: 537223376}
  m_Father: {fileID: 0}
  m_RootOrder: 6
  m_LocalEulerAnglesHint: {x: 0, y: 0, z: 0}
--- !u!1001 &202544688
Prefab:
  m_ObjectHideFlags: 0
  serializedVersion: 2
  m_Modification:
    m_TransformParent: {fileID: 519387280}
    m_Modifications:
    - target: {fileID: 224789169410618898, guid: ddccba0dbdaaedf4783cf47455da65e2,
        type: 2}
      propertyPath: m_LocalPosition.x
      value: 0
      objectReference: {fileID: 0}
    - target: {fileID: 224789169410618898, guid: ddccba0dbdaaedf4783cf47455da65e2,
        type: 2}
      propertyPath: m_LocalPosition.y
      value: 0
      objectReference: {fileID: 0}
    - target: {fileID: 224789169410618898, guid: ddccba0dbdaaedf4783cf47455da65e2,
        type: 2}
      propertyPath: m_LocalPosition.z
      value: 0
      objectReference: {fileID: 0}
    - target: {fileID: 224789169410618898, guid: ddccba0dbdaaedf4783cf47455da65e2,
        type: 2}
      propertyPath: m_LocalRotation.x
      value: -0
      objectReference: {fileID: 0}
    - target: {fileID: 224789169410618898, guid: ddccba0dbdaaedf4783cf47455da65e2,
        type: 2}
      propertyPath: m_LocalRotation.y
      value: -0
      objectReference: {fileID: 0}
    - target: {fileID: 224789169410618898, guid: ddccba0dbdaaedf4783cf47455da65e2,
        type: 2}
      propertyPath: m_LocalRotation.z
      value: -0
      objectReference: {fileID: 0}
    - target: {fileID: 224789169410618898, guid: ddccba0dbdaaedf4783cf47455da65e2,
        type: 2}
      propertyPath: m_LocalRotation.w
      value: 1
      objectReference: {fileID: 0}
    - target: {fileID: 224789169410618898, guid: ddccba0dbdaaedf4783cf47455da65e2,
        type: 2}
      propertyPath: m_RootOrder
      value: 3
      objectReference: {fileID: 0}
    - target: {fileID: 224789169410618898, guid: ddccba0dbdaaedf4783cf47455da65e2,
        type: 2}
      propertyPath: m_AnchoredPosition.x
      value: -958
      objectReference: {fileID: 0}
    - target: {fileID: 224789169410618898, guid: ddccba0dbdaaedf4783cf47455da65e2,
        type: 2}
      propertyPath: m_AnchoredPosition.y
      value: 177
      objectReference: {fileID: 0}
    - target: {fileID: 224789169410618898, guid: ddccba0dbdaaedf4783cf47455da65e2,
        type: 2}
      propertyPath: m_SizeDelta.x
      value: 250
      objectReference: {fileID: 0}
    - target: {fileID: 224789169410618898, guid: ddccba0dbdaaedf4783cf47455da65e2,
        type: 2}
      propertyPath: m_SizeDelta.y
      value: 60
      objectReference: {fileID: 0}
    - target: {fileID: 224789169410618898, guid: ddccba0dbdaaedf4783cf47455da65e2,
        type: 2}
      propertyPath: m_AnchorMin.x
      value: 1
      objectReference: {fileID: 0}
    - target: {fileID: 224789169410618898, guid: ddccba0dbdaaedf4783cf47455da65e2,
        type: 2}
      propertyPath: m_AnchorMin.y
      value: 0
      objectReference: {fileID: 0}
    - target: {fileID: 224789169410618898, guid: ddccba0dbdaaedf4783cf47455da65e2,
        type: 2}
      propertyPath: m_AnchorMax.x
      value: 1
      objectReference: {fileID: 0}
    - target: {fileID: 224789169410618898, guid: ddccba0dbdaaedf4783cf47455da65e2,
        type: 2}
      propertyPath: m_AnchorMax.y
      value: 0
      objectReference: {fileID: 0}
    - target: {fileID: 224789169410618898, guid: ddccba0dbdaaedf4783cf47455da65e2,
        type: 2}
      propertyPath: m_Pivot.x
      value: 1
      objectReference: {fileID: 0}
    - target: {fileID: 224789169410618898, guid: ddccba0dbdaaedf4783cf47455da65e2,
        type: 2}
      propertyPath: m_Pivot.y
      value: 0
      objectReference: {fileID: 0}
    - target: {fileID: 1705136335590988, guid: ddccba0dbdaaedf4783cf47455da65e2, type: 2}
      propertyPath: m_Name
      value: State1_CustomTextBox0
      objectReference: {fileID: 0}
    - target: {fileID: 114646148417734740, guid: ddccba0dbdaaedf4783cf47455da65e2,
        type: 2}
      propertyPath: m_Text
      value: 'Custom text box 1

        for state 1'
      objectReference: {fileID: 0}
    - target: {fileID: 1705136335590988, guid: ddccba0dbdaaedf4783cf47455da65e2, type: 2}
      propertyPath: m_IsActive
      value: 1
      objectReference: {fileID: 0}
    m_RemovedComponents: []
  m_ParentPrefab: {fileID: 100100000, guid: ddccba0dbdaaedf4783cf47455da65e2, type: 2}
  m_IsPrefabParent: 0
--- !u!224 &202544689 stripped
RectTransform:
  m_PrefabParentObject: {fileID: 224789169410618898, guid: ddccba0dbdaaedf4783cf47455da65e2,
    type: 2}
  m_PrefabInternal: {fileID: 202544688}
--- !u!1 &202544690 stripped
GameObject:
  m_PrefabParentObject: {fileID: 1705136335590988, guid: ddccba0dbdaaedf4783cf47455da65e2,
    type: 2}
  m_PrefabInternal: {fileID: 202544688}
--- !u!1 &251922921
GameObject:
  m_ObjectHideFlags: 0
  m_PrefabParentObject: {fileID: 1055881946897836, guid: c2cdc0218ba6f8c4791a9e51937122c8,
    type: 2}
  m_PrefabInternal: {fileID: 0}
  serializedVersion: 5
  m_Component:
  - component: {fileID: 251922922}
  - component: {fileID: 251922924}
  - component: {fileID: 251922923}
  m_Layer: 0
  m_Name: EventSystem
  m_TagString: Untagged
  m_Icon: {fileID: 0}
  m_NavMeshLayer: 0
  m_StaticEditorFlags: 0
  m_IsActive: 1
--- !u!4 &251922922
Transform:
  m_ObjectHideFlags: 0
  m_PrefabParentObject: {fileID: 4762959441957288, guid: c2cdc0218ba6f8c4791a9e51937122c8,
    type: 2}
  m_PrefabInternal: {fileID: 0}
  m_GameObject: {fileID: 251922921}
  m_LocalRotation: {x: -0, y: -0, z: -0, w: 1}
  m_LocalPosition: {x: -512, y: -384, z: 0}
  m_LocalScale: {x: 1, y: 1, z: 1}
  m_Children: []
  m_Father: {fileID: 519387280}
  m_RootOrder: 0
  m_LocalEulerAnglesHint: {x: 0, y: 0, z: 0}
--- !u!114 &251922923
MonoBehaviour:
  m_ObjectHideFlags: 0
  m_PrefabParentObject: {fileID: 114316353712662938, guid: c2cdc0218ba6f8c4791a9e51937122c8,
    type: 2}
  m_PrefabInternal: {fileID: 0}
  m_GameObject: {fileID: 251922921}
  m_Enabled: 1
  m_EditorHideFlags: 0
  m_Script: {fileID: 1077351063, guid: f5f67c52d1564df4a8936ccd202a3bd8, type: 3}
  m_Name: 
  m_EditorClassIdentifier: 
  m_HorizontalAxis: Horizontal
  m_VerticalAxis: Vertical
  m_SubmitButton: Submit
  m_CancelButton: Cancel
  m_InputActionsPerSecond: 10
  m_RepeatDelay: 0.5
  m_ForceModuleActive: 0
--- !u!114 &251922924
MonoBehaviour:
  m_ObjectHideFlags: 0
  m_PrefabParentObject: {fileID: 114829417490161782, guid: c2cdc0218ba6f8c4791a9e51937122c8,
    type: 2}
  m_PrefabInternal: {fileID: 0}
  m_GameObject: {fileID: 251922921}
  m_Enabled: 1
  m_EditorHideFlags: 0
  m_Script: {fileID: -619905303, guid: f5f67c52d1564df4a8936ccd202a3bd8, type: 3}
  m_Name: 
  m_EditorClassIdentifier: 
  m_FirstSelected: {fileID: 0}
  m_sendNavigationEvents: 1
  m_DragThreshold: 5
--- !u!1 &342922035
GameObject:
  m_ObjectHideFlags: 0
  m_PrefabParentObject: {fileID: 0}
  m_PrefabInternal: {fileID: 0}
  serializedVersion: 5
  m_Component:
  - component: {fileID: 342922039}
  - component: {fileID: 342922038}
  - component: {fileID: 342922037}
  - component: {fileID: 342922036}
  m_Layer: 0
  m_Name: Ground plane
  m_TagString: Untagged
  m_Icon: {fileID: 0}
  m_NavMeshLayer: 0
  m_StaticEditorFlags: 0
  m_IsActive: 1
--- !u!23 &342922036
MeshRenderer:
  m_ObjectHideFlags: 0
  m_PrefabParentObject: {fileID: 0}
  m_PrefabInternal: {fileID: 0}
  m_GameObject: {fileID: 342922035}
  m_Enabled: 1
  m_CastShadows: 1
  m_ReceiveShadows: 1
  m_MotionVectors: 1
  m_LightProbeUsage: 1
  m_ReflectionProbeUsage: 1
  m_Materials:
  - {fileID: 2100000, guid: 8bbcd5b4df05dcd40a0faa4dae43785b, type: 2}
  m_StaticBatchInfo:
    firstSubMesh: 0
    subMeshCount: 0
  m_StaticBatchRoot: {fileID: 0}
  m_ProbeAnchor: {fileID: 0}
  m_LightProbeVolumeOverride: {fileID: 0}
  m_ScaleInLightmap: 1
  m_PreserveUVs: 1
  m_IgnoreNormalsForChartDetection: 0
  m_ImportantGI: 0
  m_SelectedEditorRenderState: 3
  m_MinimumChartSize: 4
  m_AutoUVMaxDistance: 0.5
  m_AutoUVMaxAngle: 89
  m_LightmapParameters: {fileID: 0}
  m_SortingLayerID: 0
  m_SortingLayer: 0
  m_SortingOrder: 0
--- !u!64 &342922037
MeshCollider:
  m_ObjectHideFlags: 0
  m_PrefabParentObject: {fileID: 0}
  m_PrefabInternal: {fileID: 0}
  m_GameObject: {fileID: 342922035}
  m_Material: {fileID: 0}
  m_IsTrigger: 0
  m_Enabled: 1
  serializedVersion: 2
  m_Convex: 0
  m_InflateMesh: 0
  m_SkinWidth: 0.01
  m_Mesh: {fileID: 10209, guid: 0000000000000000e000000000000000, type: 0}
--- !u!33 &342922038
MeshFilter:
  m_ObjectHideFlags: 0
  m_PrefabParentObject: {fileID: 0}
  m_PrefabInternal: {fileID: 0}
  m_GameObject: {fileID: 342922035}
  m_Mesh: {fileID: 10209, guid: 0000000000000000e000000000000000, type: 0}
--- !u!4 &342922039
Transform:
  m_ObjectHideFlags: 0
  m_PrefabParentObject: {fileID: 0}
  m_PrefabInternal: {fileID: 0}
  m_GameObject: {fileID: 342922035}
  m_LocalRotation: {x: 0, y: 0, z: 0, w: 1}
  m_LocalPosition: {x: 0.05, y: 3.55, z: 1.4}
  m_LocalScale: {x: 1, y: 1, z: 1}
  m_Children:
  - {fileID: 440437584}
  - {fileID: 642919870}
  - {fileID: 1507454564}
  m_Father: {fileID: 0}
  m_RootOrder: 2
  m_LocalEulerAnglesHint: {x: 0, y: 0, z: 0}
--- !u!1 &353051146
GameObject:
  m_ObjectHideFlags: 0
  m_PrefabParentObject: {fileID: 0}
  m_PrefabInternal: {fileID: 0}
  serializedVersion: 5
  m_Component:
  - component: {fileID: 353051147}
  m_Layer: 0
  m_Name: '----------------------'
  m_TagString: Untagged
  m_Icon: {fileID: 0}
  m_NavMeshLayer: 0
  m_StaticEditorFlags: 0
  m_IsActive: 1
--- !u!4 &353051147
Transform:
  m_ObjectHideFlags: 0
  m_PrefabParentObject: {fileID: 0}
  m_PrefabInternal: {fileID: 0}
  m_GameObject: {fileID: 353051146}
  m_LocalRotation: {x: 0, y: 0, z: 0, w: 1}
  m_LocalPosition: {x: 2.5893898, y: -10.4121895, z: 12.573396}
  m_LocalScale: {x: 1, y: 1, z: 1}
  m_Children: []
  m_Father: {fileID: 0}
  m_RootOrder: 3
  m_LocalEulerAnglesHint: {x: 0, y: 0, z: 0}
--- !u!1 &425819660
GameObject:
  m_ObjectHideFlags: 0
  m_PrefabParentObject: {fileID: 0}
  m_PrefabInternal: {fileID: 0}
  serializedVersion: 5
  m_Component:
  - component: {fileID: 425819661}
  m_Layer: 0
  m_Name: '----------------------'
  m_TagString: Untagged
  m_Icon: {fileID: 0}
  m_NavMeshLayer: 0
  m_StaticEditorFlags: 0
  m_IsActive: 1
--- !u!4 &425819661
Transform:
  m_ObjectHideFlags: 0
  m_PrefabParentObject: {fileID: 0}
  m_PrefabInternal: {fileID: 0}
  m_GameObject: {fileID: 425819660}
  m_LocalRotation: {x: 0, y: 0, z: 0, w: 1}
  m_LocalPosition: {x: 2.5893898, y: -10.4121895, z: 12.573396}
  m_LocalScale: {x: 1, y: 1, z: 1}
  m_Children: []
  m_Father: {fileID: 0}
  m_RootOrder: 5
  m_LocalEulerAnglesHint: {x: 0, y: 0, z: 0}
--- !u!1 &440437583
GameObject:
  m_ObjectHideFlags: 0
  m_PrefabParentObject: {fileID: 0}
  m_PrefabInternal: {fileID: 0}
  serializedVersion: 5
  m_Component:
  - component: {fileID: 440437584}
  m_Layer: 0
  m_Name: GreenCube
  m_TagString: Untagged
  m_Icon: {fileID: 0}
  m_NavMeshLayer: 0
  m_StaticEditorFlags: 0
  m_IsActive: 1
--- !u!4 &440437584
Transform:
  m_ObjectHideFlags: 0
  m_PrefabParentObject: {fileID: 0}
  m_PrefabInternal: {fileID: 0}
  m_GameObject: {fileID: 440437583}
  m_LocalRotation: {x: 0, y: 0, z: 0, w: 1}
  m_LocalPosition: {x: 3.9, y: 0, z: -0.78}
  m_LocalScale: {x: 1, y: 1, z: 1}
  m_Children:
  - {fileID: 954693120}
  - {fileID: 921696105}
  - {fileID: 1120707313}
  - {fileID: 1658161052}
  - {fileID: 599466157}
  m_Father: {fileID: 342922039}
  m_RootOrder: 0
  m_LocalEulerAnglesHint: {x: 0, y: 0, z: 0}
--- !u!4 &456866744
Transform:
  m_ObjectHideFlags: 0
  m_PrefabParentObject: {fileID: 4405465626674330, guid: 19ed68c2513f99d4eab64f107628d2b9,
    type: 2}
  m_PrefabInternal: {fileID: 0}
  m_GameObject: {fileID: 456866745}
  m_LocalRotation: {x: -0, y: -0, z: -0, w: 1}
  m_LocalPosition: {x: 0, y: 0, z: 0}
  m_LocalScale: {x: 1, y: 1, z: 1}
  m_Children: []
  m_Father: {fileID: 847121986}
  m_RootOrder: 1
  m_LocalEulerAnglesHint: {x: 0, y: 0, z: 0}
--- !u!1 &456866745
GameObject:
  m_ObjectHideFlags: 0
  m_PrefabParentObject: {fileID: 1848465979828718, guid: 19ed68c2513f99d4eab64f107628d2b9,
    type: 2}
  m_PrefabInternal: {fileID: 0}
  serializedVersion: 5
  m_Component:
  - component: {fileID: 456866744}
  - component: {fileID: 456866747}
  - component: {fileID: 456866746}
  m_Layer: 0
  m_Name: State2
  m_TagString: Untagged
  m_Icon: {fileID: 0}
  m_NavMeshLayer: 0
  m_StaticEditorFlags: 0
  m_IsActive: 1
--- !u!114 &456866746
MonoBehaviour:
  m_ObjectHideFlags: 0
  m_PrefabParentObject: {fileID: 0}
  m_PrefabInternal: {fileID: 0}
  m_GameObject: {fileID: 456866745}
  m_Enabled: 1
  m_EditorHideFlags: 0
  m_Script: {fileID: 11500000, guid: bf9c3e073e6c8f244bc68ce210ea4674, type: 3}
  m_Name: 
  m_EditorClassIdentifier: 
  CustomTextBoxList:
  - {fileID: 909612425}
  - {fileID: 1576305639}
--- !u!114 &456866747
MonoBehaviour:
  m_ObjectHideFlags: 0
  m_PrefabParentObject: {fileID: 114165750419983716, guid: 19ed68c2513f99d4eab64f107628d2b9,
    type: 2}
  m_PrefabInternal: {fileID: 0}
  m_GameObject: {fileID: 456866745}
  m_Enabled: 1
  m_EditorHideFlags: 0
  m_Script: {fileID: 11500000, guid: 76cbd676b0dc8244fb0f44f2cf2a0135, type: 3}
  m_Name: 
  m_EditorClassIdentifier: 
  StateIndex: 0
  StateDescription: State 2
  showStateDescription: 1
  DevelopersOwnNotes: 
  MyHotspot: {fileID: 134449353}
  statesHotspotMoveToMode: 0
  OnArrivalEvents:
    List: []
  ForwardEvents:
    List: []
  autoPlayForward: 0
  BackwardEvents:
    List: []
  autoPlayBackward: 0
  hasAnimations: 0
  _checkingInvokes: 0
--- !u!1 &518459792
GameObject:
  m_ObjectHideFlags: 0
  m_PrefabParentObject: {fileID: 1660843294733746, guid: a3728dd16f0203a4d9531d6385037b01,
    type: 2}
  m_PrefabInternal: {fileID: 0}
  serializedVersion: 5
  m_Component:
  - component: {fileID: 1463768951}
  - component: {fileID: 518459793}
  m_Layer: 0
  m_Name: HotSpot2
  m_TagString: Untagged
  m_Icon: {fileID: 0}
  m_NavMeshLayer: 0
  m_StaticEditorFlags: 0
  m_IsActive: 1
--- !u!114 &518459793
MonoBehaviour:
  m_ObjectHideFlags: 0
  m_PrefabParentObject: {fileID: 114332510774313808, guid: a3728dd16f0203a4d9531d6385037b01,
    type: 2}
  m_PrefabInternal: {fileID: 0}
  m_GameObject: {fileID: 518459792}
  m_Enabled: 1
  m_EditorHideFlags: 0
  m_Script: {fileID: 11500000, guid: 0167164cf47a3a946800f7d30572050f, type: 3}
  m_Name: 
  m_EditorClassIdentifier: 
  PressHotSpotEvent:
    _id: 
  CamObject: {fileID: 0}
  LookAtObject: {fileID: 642919869}
  lookAtObjectTrackingMode: 0
  LookAtObjectDeltaMove: {x: 0, y: 0, z: 0}
  slaveCameraMode: 0
  hotspotMoveToMode: 0
  buttonPrefab: 0
  buttonShowMode: 0
  hideBackButton: 0
  cameraFov: 0
  HideSiblingsWhenActive: 0
  LockPosition: 0
  LockRotation: 0
  Button: {fileID: 0}
  UseCameraAnglesLimit: 0
  MinCameraAngle: 15
  MaxCameraAngle: 35
  UseCameraZoomDistanceLimit: 0
  MinZoomDistance: 10
  MaxZoomDistance: 50
  AllowUserInterruptCameraTransition: 1
  DistanceToInterruptCameraTransition: 0
  CustomButtonPosition: {fileID: 0}
  autoOrbitSpeed: 0
  autoOrbitDelay: 0
  useCameraSettingFromHotSpotCamera: 0
  GizmosRadius: 0.2
  GizmoColor: {r: 0.5, g: 0.5, b: 0.5, a: 1}
  State: {fileID: 0}
  OverrideStateViscoComponents: 0
  cameraStartGoingToActions:
    List: []
  cameraArriveActions:
    List: []
  cameraLeaveActions:
    List: []
  backButtonActions:
    List: []
  MyCommonTools:
    viscoButtonList: {fileID: 0}
    viscoButtonsSize: {x: 0, y: 0}
    viscoDescriptionManager: {fileID: 0}
    viscoVideoManager: {fileID: 0}
    viscoImageManager: {fileID: 0}
    sideMenuManager: {fileID: 0}
--- !u!1 &519387276
GameObject:
  m_ObjectHideFlags: 0
  m_PrefabParentObject: {fileID: 1026542382243578, guid: c2cdc0218ba6f8c4791a9e51937122c8,
    type: 2}
  m_PrefabInternal: {fileID: 0}
  serializedVersion: 5
  m_Component:
  - component: {fileID: 519387280}
  - component: {fileID: 46113972}
  - component: {fileID: 519387279}
  - component: {fileID: 519387278}
  - component: {fileID: 519387277}
  m_Layer: 5
  m_Name: Canvas
  m_TagString: Untagged
  m_Icon: {fileID: 0}
  m_NavMeshLayer: 0
  m_StaticEditorFlags: 0
  m_IsActive: 1
--- !u!114 &519387277
MonoBehaviour:
  m_ObjectHideFlags: 0
  m_PrefabParentObject: {fileID: 0}
  m_PrefabInternal: {fileID: 0}
  m_GameObject: {fileID: 519387276}
  m_Enabled: 1
  m_EditorHideFlags: 0
  m_Script: {fileID: 11500000, guid: 8388a98cb14f3f7459a49ea31b4e425d, type: 3}
  m_Name: 
  m_EditorClassIdentifier: 
  DefaultContextMenuButtonsSize: {x: 100, y: 60}
  BackButon: {fileID: 0}
  DefaultTextBox: {fileID: 0}
  DefaultVideoButton: {fileID: 0}
  DefaultVideoPlayer: {fileID: 0}
  DefaultImageButton: {fileID: 0}
  ContextMenu: {fileID: 0}
  SideMenu: {fileID: 0}
  showPrevNextButtons: 1
  PreviousStateButton: {fileID: 0}
  NextStateButton: {fileID: 0}
--- !u!114 &519387278
MonoBehaviour:
  m_ObjectHideFlags: 0
  m_PrefabParentObject: {fileID: 114096086203689800, guid: c2cdc0218ba6f8c4791a9e51937122c8,
    type: 2}
  m_PrefabInternal: {fileID: 0}
  m_GameObject: {fileID: 519387276}
  m_Enabled: 1
  m_EditorHideFlags: 0
  m_Script: {fileID: 1301386320, guid: f5f67c52d1564df4a8936ccd202a3bd8, type: 3}
  m_Name: 
  m_EditorClassIdentifier: 
  m_IgnoreReversedGraphics: 1
  m_BlockingObjects: 0
  m_BlockingMask:
    serializedVersion: 2
    m_Bits: 4294967295
--- !u!114 &519387279
MonoBehaviour:
  m_ObjectHideFlags: 0
  m_PrefabParentObject: {fileID: 114688416903817852, guid: c2cdc0218ba6f8c4791a9e51937122c8,
    type: 2}
  m_PrefabInternal: {fileID: 0}
  m_GameObject: {fileID: 519387276}
  m_Enabled: 1
  m_EditorHideFlags: 0
  m_Script: {fileID: 1980459831, guid: f5f67c52d1564df4a8936ccd202a3bd8, type: 3}
  m_Name: 
  m_EditorClassIdentifier: 
  m_UiScaleMode: 1
  m_ReferencePixelsPerUnit: 100
  m_ScaleFactor: 1
  m_ReferenceResolution: {x: 1024, y: 768}
  m_ScreenMatchMode: 0
  m_MatchWidthOrHeight: 0.5
  m_PhysicalUnit: 3
  m_FallbackScreenDPI: 96
  m_DefaultSpriteDPI: 96
  m_DynamicPixelsPerUnit: 1
--- !u!224 &519387280
RectTransform:
  m_ObjectHideFlags: 0
  m_PrefabParentObject: {fileID: 224841421265852876, guid: c2cdc0218ba6f8c4791a9e51937122c8,
    type: 2}
  m_PrefabInternal: {fileID: 0}
  m_GameObject: {fileID: 519387276}
  m_LocalRotation: {x: 0, y: 0, z: 0, w: 1}
  m_LocalPosition: {x: 0, y: 0, z: 0}
  m_LocalScale: {x: 0, y: 0, z: 0}
  m_Children:
  - {fileID: 251922922}
  - {fileID: 909612426}
  - {fileID: 1576305640}
  - {fileID: 202544689}
  - {fileID: 897187802}
  - {fileID: 1117802117}
  m_Father: {fileID: 0}
  m_RootOrder: 4
  m_LocalEulerAnglesHint: {x: 0, y: 0, z: 0}
  m_AnchorMin: {x: 0, y: 0}
  m_AnchorMax: {x: 0, y: 0}
  m_AnchoredPosition: {x: 0, y: 0}
  m_SizeDelta: {x: 0, y: 0}
  m_Pivot: {x: 0, y: 0}
--- !u!4 &537223376
Transform:
  m_ObjectHideFlags: 0
  m_PrefabParentObject: {fileID: 4066327539237156, guid: a3728dd16f0203a4d9531d6385037b01,
    type: 2}
  m_PrefabInternal: {fileID: 0}
  m_GameObject: {fileID: 1531578624}
  m_LocalRotation: {x: -0.591869, y: -0.33531025, z: -0.08758, w: -0.72772795}
  m_LocalPosition: {x: 0.41, y: -3.2799997, z: -2.61}
  m_LocalScale: {x: 1, y: 1, z: 1}
  m_Children:
  - {fileID: 1279348617}
  m_Father: {fileID: 134449359}
  m_RootOrder: 3
  m_LocalEulerAnglesHint: {x: 0, y: 0, z: 0}
--- !u!1 &599466156
GameObject:
  m_ObjectHideFlags: 0
  m_PrefabParentObject: {fileID: 0}
  m_PrefabInternal: {fileID: 0}
  serializedVersion: 5
  m_Component:
  - component: {fileID: 599466157}
  - component: {fileID: 599466160}
  - component: {fileID: 599466159}
  - component: {fileID: 599466158}
  - component: {fileID: 599466161}
  m_Layer: 0
  m_Name: greenCube_child5
  m_TagString: Untagged
  m_Icon: {fileID: 0}
  m_NavMeshLayer: 0
  m_StaticEditorFlags: 0
  m_IsActive: 1
--- !u!4 &599466157
Transform:
  m_ObjectHideFlags: 0
  m_PrefabParentObject: {fileID: 0}
  m_PrefabInternal: {fileID: 0}
  m_GameObject: {fileID: 599466156}
  m_LocalRotation: {x: 0.50000006, y: 0.50000006, z: 0.5, w: 0.5}
  m_LocalPosition: {x: 0.026000023, y: 0.95299983, z: -0.089000046}
  m_LocalScale: {x: 0.10000023, y: 1.0611669, z: 1}
  m_Children: []
  m_Father: {fileID: 440437584}
  m_RootOrder: 4
  m_LocalEulerAnglesHint: {x: 0, y: 90.00001, z: 90}
--- !u!23 &599466158
MeshRenderer:
  m_ObjectHideFlags: 0
  m_PrefabParentObject: {fileID: 0}
  m_PrefabInternal: {fileID: 0}
  m_GameObject: {fileID: 599466156}
  m_Enabled: 1
  m_CastShadows: 1
  m_ReceiveShadows: 1
  m_MotionVectors: 1
  m_LightProbeUsage: 1
  m_ReflectionProbeUsage: 1
  m_Materials:
  - {fileID: 2100000, guid: f84fdc2a53d1f06428dcc7461a96afc1, type: 2}
  m_StaticBatchInfo:
    firstSubMesh: 0
    subMeshCount: 0
  m_StaticBatchRoot: {fileID: 0}
  m_ProbeAnchor: {fileID: 0}
  m_LightProbeVolumeOverride: {fileID: 0}
  m_ScaleInLightmap: 1
  m_PreserveUVs: 1
  m_IgnoreNormalsForChartDetection: 0
  m_ImportantGI: 0
  m_SelectedEditorRenderState: 3
  m_MinimumChartSize: 4
  m_AutoUVMaxDistance: 0.5
  m_AutoUVMaxAngle: 89
  m_LightmapParameters: {fileID: 0}
  m_SortingLayerID: 0
  m_SortingLayer: 0
  m_SortingOrder: 0
--- !u!65 &599466159
BoxCollider:
  m_ObjectHideFlags: 0
  m_PrefabParentObject: {fileID: 0}
  m_PrefabInternal: {fileID: 0}
  m_GameObject: {fileID: 599466156}
  m_Material: {fileID: 0}
  m_IsTrigger: 0
  m_Enabled: 1
  serializedVersion: 2
  m_Size: {x: 1, y: 1, z: 1}
  m_Center: {x: 0, y: 0, z: 0}
--- !u!33 &599466160
MeshFilter:
  m_ObjectHideFlags: 0
  m_PrefabParentObject: {fileID: 0}
  m_PrefabInternal: {fileID: 0}
  m_GameObject: {fileID: 599466156}
  m_Mesh: {fileID: 10202, guid: 0000000000000000e000000000000000, type: 0}
--- !u!114 &599466161
MonoBehaviour:
  m_ObjectHideFlags: 0
  m_PrefabParentObject: {fileID: 0}
  m_PrefabInternal: {fileID: 0}
  m_GameObject: {fileID: 599466156}
  m_Enabled: 1
  m_EditorHideFlags: 0
  m_Script: {fileID: 11500000, guid: 7096b23dace275e41b25d0f77773bb47, type: 3}
  m_Name: 
  m_EditorClassIdentifier: 
  SetTransparencyEvents:
  - _id: GreenCubeTransaprent
  SetOpaqueEvents:
  - _id: GreenCubeOpaque
  DefinedTransparentMaterials: []
  TransparencyLevel: 0.5
--- !u!1 &600559484
GameObject:
  m_ObjectHideFlags: 0
  m_PrefabParentObject: {fileID: 1217176448734728, guid: a43094ac3481d9d47a0512c761175ab0,
    type: 2}
  m_PrefabInternal: {fileID: 0}
  serializedVersion: 5
  m_Component:
  - component: {fileID: 600559490}
  - component: {fileID: 600559489}
  - component: {fileID: 600559488}
  - component: {fileID: 600559487}
  - component: {fileID: 600559486}
  - component: {fileID: 600559485}
  m_Layer: 0
  m_Name: MainCamera
  m_TagString: MainCamera
  m_Icon: {fileID: 0}
  m_NavMeshLayer: 0
  m_StaticEditorFlags: 0
  m_IsActive: 1
--- !u!114 &600559485
MonoBehaviour:
  m_ObjectHideFlags: 0
  m_PrefabParentObject: {fileID: 114236889611316036, guid: a43094ac3481d9d47a0512c761175ab0,
    type: 2}
  m_PrefabInternal: {fileID: 0}
  m_GameObject: {fileID: 600559484}
  m_Enabled: 1
  m_EditorHideFlags: 0
  m_Script: {fileID: 11500000, guid: 4045d8fbb022dc843958e9ce15735d29, type: 3}
  m_Name: 
  m_EditorClassIdentifier: 
  xSpeed: 1
  ySpeed: 1
  zSpeed: 2
  smoothTime: 2
  TransitionTime: 1
  cameraGhostTarget: {fileID: 0}
  hotspot: {fileID: 0}
--- !u!81 &600559486
AudioListener:
  m_ObjectHideFlags: 0
  m_PrefabParentObject: {fileID: 81518317853745094, guid: a43094ac3481d9d47a0512c761175ab0,
    type: 2}
  m_PrefabInternal: {fileID: 0}
  m_GameObject: {fileID: 600559484}
  m_Enabled: 1
--- !u!124 &600559487
Behaviour:
  m_ObjectHideFlags: 0
  m_PrefabParentObject: {fileID: 124894590065620874, guid: a43094ac3481d9d47a0512c761175ab0,
    type: 2}
  m_PrefabInternal: {fileID: 0}
  m_GameObject: {fileID: 600559484}
  m_Enabled: 1
--- !u!92 &600559488
Behaviour:
  m_ObjectHideFlags: 0
  m_PrefabParentObject: {fileID: 92251108512242382, guid: a43094ac3481d9d47a0512c761175ab0,
    type: 2}
  m_PrefabInternal: {fileID: 0}
  m_GameObject: {fileID: 600559484}
  m_Enabled: 1
--- !u!20 &600559489
Camera:
  m_ObjectHideFlags: 0
  m_PrefabParentObject: {fileID: 20303982426187242, guid: a43094ac3481d9d47a0512c761175ab0,
    type: 2}
  m_PrefabInternal: {fileID: 0}
  m_GameObject: {fileID: 600559484}
  m_Enabled: 1
  serializedVersion: 2
  m_ClearFlags: 2
  m_BackGroundColor: {r: 0.88042897, g: 0.9264706, b: 0.4496107, a: 0}
  m_NormalizedViewPortRect:
    serializedVersion: 2
    x: 0
    y: 0
    width: 1
    height: 1
  near clip plane: 0.3
  far clip plane: 1000
  field of view: 60
  orthographic: 0
  orthographic size: 5
  m_Depth: -1
  m_CullingMask:
    serializedVersion: 2
    m_Bits: 4294967295
  m_RenderingPath: -1
  m_TargetTexture: {fileID: 0}
  m_TargetDisplay: 0
  m_TargetEye: 3
  m_HDR: 1
  m_AllowMSAA: 1
  m_ForceIntoRT: 0
  m_OcclusionCulling: 1
  m_StereoConvergence: 10
  m_StereoSeparation: 0.022
  m_StereoMirrorMode: 0
--- !u!4 &600559490
Transform:
  m_ObjectHideFlags: 0
  m_PrefabParentObject: {fileID: 4093839411033640, guid: a43094ac3481d9d47a0512c761175ab0,
    type: 2}
  m_PrefabInternal: {fileID: 0}
  m_GameObject: {fileID: 600559484}
  m_LocalRotation: {x: 0.25248307, y: 0, z: 0, w: 0.96760136}
  m_LocalPosition: {x: 0.25, y: 9.18, z: -5.8}
  m_LocalScale: {x: 1, y: 1, z: 1}
  m_Children: []
  m_Father: {fileID: 0}
  m_RootOrder: 1
  m_LocalEulerAnglesHint: {x: 29.249, y: 0, z: 0}
--- !u!1 &642919869
GameObject:
  m_ObjectHideFlags: 0
  m_PrefabParentObject: {fileID: 0}
  m_PrefabInternal: {fileID: 0}
  serializedVersion: 5
  m_Component:
  - component: {fileID: 642919870}
  - component: {fileID: 642919873}
  - component: {fileID: 642919872}
  - component: {fileID: 642919871}
  - component: {fileID: 642919874}
  - component: {fileID: 642919875}
  m_Layer: 0
  m_Name: RedCube
  m_TagString: Untagged
  m_Icon: {fileID: 0}
  m_NavMeshLayer: 0
  m_StaticEditorFlags: 0
  m_IsActive: 1
--- !u!4 &642919870
Transform:
  m_ObjectHideFlags: 0
  m_PrefabParentObject: {fileID: 0}
  m_PrefabInternal: {fileID: 0}
  m_GameObject: {fileID: 642919869}
  m_LocalRotation: {x: -0, y: -0, z: -0, w: 1}
  m_LocalPosition: {x: -3.72, y: 0.4330001, z: -0.823}
  m_LocalScale: {x: 1, y: 1, z: 1}
  m_Children: []
  m_Father: {fileID: 342922039}
  m_RootOrder: 1
  m_LocalEulerAnglesHint: {x: 0, y: 0, z: 0}
--- !u!23 &642919871
MeshRenderer:
  m_ObjectHideFlags: 0
  m_PrefabParentObject: {fileID: 0}
  m_PrefabInternal: {fileID: 0}
  m_GameObject: {fileID: 642919869}
  m_Enabled: 1
  m_CastShadows: 1
  m_ReceiveShadows: 1
  m_MotionVectors: 1
  m_LightProbeUsage: 1
  m_ReflectionProbeUsage: 1
  m_Materials:
  - {fileID: 2100000, guid: db753bcaddb193a4ba9cde818bc68174, type: 2}
  m_StaticBatchInfo:
    firstSubMesh: 0
    subMeshCount: 0
  m_StaticBatchRoot: {fileID: 0}
  m_ProbeAnchor: {fileID: 0}
  m_LightProbeVolumeOverride: {fileID: 0}
  m_ScaleInLightmap: 1
  m_PreserveUVs: 1
  m_IgnoreNormalsForChartDetection: 0
  m_ImportantGI: 0
  m_SelectedEditorRenderState: 3
  m_MinimumChartSize: 4
  m_AutoUVMaxDistance: 0.5
  m_AutoUVMaxAngle: 89
  m_LightmapParameters: {fileID: 0}
  m_SortingLayerID: 0
  m_SortingLayer: 0
  m_SortingOrder: 0
--- !u!65 &642919872
BoxCollider:
  m_ObjectHideFlags: 0
  m_PrefabParentObject: {fileID: 0}
  m_PrefabInternal: {fileID: 0}
  m_GameObject: {fileID: 642919869}
  m_Material: {fileID: 0}
  m_IsTrigger: 0
  m_Enabled: 1
  serializedVersion: 2
  m_Size: {x: 1, y: 1, z: 1}
  m_Center: {x: 0, y: 0, z: 0}
--- !u!33 &642919873
MeshFilter:
  m_ObjectHideFlags: 0
  m_PrefabParentObject: {fileID: 0}
  m_PrefabInternal: {fileID: 0}
  m_GameObject: {fileID: 642919869}
  m_Mesh: {fileID: 10202, guid: 0000000000000000e000000000000000, type: 0}
--- !u!114 &642919874
MonoBehaviour:
  m_ObjectHideFlags: 0
  m_PrefabParentObject: {fileID: 0}
  m_PrefabInternal: {fileID: 0}
  m_GameObject: {fileID: 642919869}
  m_Enabled: 1
  m_EditorHideFlags: 0
  m_Script: {fileID: 11500000, guid: 7096b23dace275e41b25d0f77773bb47, type: 3}
  m_Name: 
  m_EditorClassIdentifier: 
  SetTransparencyEvents:
  - _id: RedCubeTransaprent
  SetOpaqueEvents:
  - _id: RedCubeOpaque
  DefinedTransparentMaterials: []
  TransparencyLevel: 0.5
--- !u!114 &642919875
MonoBehaviour:
  m_ObjectHideFlags: 0
  m_PrefabParentObject: {fileID: 0}
  m_PrefabInternal: {fileID: 0}
  m_GameObject: {fileID: 642919869}
  m_Enabled: 1
  m_EditorHideFlags: 0
  m_Script: {fileID: 11500000, guid: c8fbbf277907b674cb3d65c4525f652a, type: 3}
  m_Name: 
  m_EditorClassIdentifier: 
  HideEvents:
  - _id: HideRedCube
  ShowEvents:
  - _id: ShowRedCube
--- !u!1 &823825266
GameObject:
  m_ObjectHideFlags: 0
  m_PrefabParentObject: {fileID: 0}
  m_PrefabInternal: {fileID: 0}
  serializedVersion: 5
  m_Component:
  - component: {fileID: 823825267}
  - component: {fileID: 823825270}
  - component: {fileID: 823825268}
  - component: {fileID: 823825269}
  - component: {fileID: 823825271}
  m_Layer: 0
  m_Name: greenCube_child3
  m_TagString: Untagged
  m_Icon: {fileID: 0}
  m_NavMeshLayer: 0
  m_StaticEditorFlags: 0
  m_IsActive: 1
--- !u!4 &823825267
Transform:
  m_ObjectHideFlags: 0
  m_PrefabParentObject: {fileID: 0}
  m_PrefabInternal: {fileID: 0}
  m_GameObject: {fileID: 823825266}
  m_LocalRotation: {x: -0, y: 0.0034033651, z: -0, w: 0.9999942}
  m_LocalPosition: {x: 0.00013614958, y: 0, z: 0.48019168}
  m_LocalScale: {x: 0.010000003, y: 1, z: 1}
  m_Children: []
  m_Father: {fileID: 1120707313}
  m_RootOrder: 0
  m_LocalEulerAnglesHint: {x: 0, y: 90, z: 0}
--- !u!23 &823825268
MeshRenderer:
  m_ObjectHideFlags: 0
  m_PrefabParentObject: {fileID: 0}
  m_PrefabInternal: {fileID: 0}
  m_GameObject: {fileID: 823825266}
  m_Enabled: 1
  m_CastShadows: 1
  m_ReceiveShadows: 1
  m_MotionVectors: 1
  m_LightProbeUsage: 1
  m_ReflectionProbeUsage: 1
  m_Materials:
  - {fileID: 2100000, guid: f84fdc2a53d1f06428dcc7461a96afc1, type: 2}
  m_StaticBatchInfo:
    firstSubMesh: 0
    subMeshCount: 0
  m_StaticBatchRoot: {fileID: 0}
  m_ProbeAnchor: {fileID: 0}
  m_LightProbeVolumeOverride: {fileID: 0}
  m_ScaleInLightmap: 1
  m_PreserveUVs: 1
  m_IgnoreNormalsForChartDetection: 0
  m_ImportantGI: 0
  m_SelectedEditorRenderState: 3
  m_MinimumChartSize: 4
  m_AutoUVMaxDistance: 0.5
  m_AutoUVMaxAngle: 89
  m_LightmapParameters: {fileID: 0}
  m_SortingLayerID: 0
  m_SortingLayer: 0
  m_SortingOrder: 0
--- !u!114 &823825269
MonoBehaviour:
  m_ObjectHideFlags: 0
  m_PrefabParentObject: {fileID: 0}
  m_PrefabInternal: {fileID: 0}
  m_GameObject: {fileID: 823825266}
  m_Enabled: 1
  m_EditorHideFlags: 0
  m_Script: {fileID: 11500000, guid: 7096b23dace275e41b25d0f77773bb47, type: 3}
  m_Name: 
  m_EditorClassIdentifier: 
  SetTransparencyEvents:
  - _id: GreenCubeTransaprent
  SetOpaqueEvents:
  - _id: GreenCubeOpaque
  DefinedTransparentMaterials: []
  TransparencyLevel: 0.34
--- !u!33 &823825270
MeshFilter:
  m_ObjectHideFlags: 0
  m_PrefabParentObject: {fileID: 0}
  m_PrefabInternal: {fileID: 0}
  m_GameObject: {fileID: 823825266}
  m_Mesh: {fileID: 10202, guid: 0000000000000000e000000000000000, type: 0}
--- !u!114 &823825271
MonoBehaviour:
  m_ObjectHideFlags: 0
  m_PrefabParentObject: {fileID: 0}
  m_PrefabInternal: {fileID: 0}
  m_GameObject: {fileID: 823825266}
  m_Enabled: 1
  m_EditorHideFlags: 0
  m_Script: {fileID: 11500000, guid: 7096b23dace275e41b25d0f77773bb47, type: 3}
  m_Name: 
  m_EditorClassIdentifier: 
  SetTransparencyEvents: []
  SetOpaqueEvents: []
  DefinedTransparentMaterials: []
  TransparencyLevel: 0.5
--- !u!1 &847121983
GameObject:
  m_ObjectHideFlags: 0
  m_PrefabParentObject: {fileID: 1997203491067738, guid: 38efd17b436d2e246b759666bfaf01d5,
    type: 2}
  m_PrefabInternal: {fileID: 0}
  serializedVersion: 5
  m_Component:
  - component: {fileID: 847121986}
  - component: {fileID: 847121985}
  - component: {fileID: 847121984}
  m_Layer: 0
  m_Name: States
  m_TagString: Untagged
  m_Icon: {fileID: 0}
  m_NavMeshLayer: 0
  m_StaticEditorFlags: 0
  m_IsActive: 1
--- !u!114 &847121984
MonoBehaviour:
  m_ObjectHideFlags: 0
  m_PrefabParentObject: {fileID: 114633891729892524, guid: 38efd17b436d2e246b759666bfaf01d5,
    type: 2}
  m_PrefabInternal: {fileID: 0}
  m_GameObject: {fileID: 847121983}
  m_Enabled: 1
  m_EditorHideFlags: 0
  m_Script: {fileID: 11500000, guid: 8ba1cb39d356ac34e8325dd711974ed0, type: 3}
  m_Name: 
  m_EditorClassIdentifier: 
  "main\u0421amera": {fileID: 0}
--- !u!114 &847121985
MonoBehaviour:
  m_ObjectHideFlags: 0
  m_PrefabParentObject: {fileID: 114476120821248764, guid: 38efd17b436d2e246b759666bfaf01d5,
    type: 2}
  m_PrefabInternal: {fileID: 0}
  m_GameObject: {fileID: 847121983}
  m_Enabled: 1
  m_EditorHideFlags: 0
  m_Script: {fileID: 11500000, guid: 8fd0d59304ef41140b78916f48784120, type: 3}
  m_Name: 
  m_EditorClassIdentifier: 
  currentState: {fileID: 0}
  previousState: {fileID: 0}
  presentationIsLinear: 0
  rootHotSpotObject: {fileID: 0}
--- !u!4 &847121986
Transform:
  m_ObjectHideFlags: 0
  m_PrefabParentObject: {fileID: 4006068992052426, guid: 38efd17b436d2e246b759666bfaf01d5,
    type: 2}
  m_PrefabInternal: {fileID: 0}
  m_GameObject: {fileID: 847121983}
  m_LocalRotation: {x: -0, y: -0, z: -0, w: 1}
  m_LocalPosition: {x: 0, y: 0, z: 0}
  m_LocalScale: {x: 1, y: 1, z: 1}
  m_Children:
  - {fileID: 78565139}
  - {fileID: 456866744}
  m_Father: {fileID: 0}
  m_RootOrder: 9
  m_LocalEulerAnglesHint: {x: 0, y: 0, z: 0}
--- !u!1 &892143064
GameObject:
  m_ObjectHideFlags: 0
  m_PrefabParentObject: {fileID: 1483431701259134, guid: a3728dd16f0203a4d9531d6385037b01,
    type: 2}
  m_PrefabInternal: {fileID: 0}
  serializedVersion: 5
  m_Component:
  - component: {fileID: 892143067}
  - component: {fileID: 892143066}
  - component: {fileID: 892143065}
  m_Layer: 0
  m_Name: lookatObject
  m_TagString: Untagged
  m_Icon: {fileID: 0}
  m_NavMeshLayer: 0
  m_StaticEditorFlags: 0
  m_IsActive: 1
--- !u!23 &892143065
MeshRenderer:
  m_ObjectHideFlags: 0
  m_PrefabParentObject: {fileID: 23517347904240506, guid: a3728dd16f0203a4d9531d6385037b01,
    type: 2}
  m_PrefabInternal: {fileID: 0}
  m_GameObject: {fileID: 892143064}
  m_Enabled: 0
  m_CastShadows: 1
  m_ReceiveShadows: 1
  m_MotionVectors: 1
  m_LightProbeUsage: 1
  m_ReflectionProbeUsage: 1
  m_Materials:
  - {fileID: 2100000, guid: 13a5863e502c82f4e956d6f5a6886e64, type: 2}
  m_StaticBatchInfo:
    firstSubMesh: 0
    subMeshCount: 0
  m_StaticBatchRoot: {fileID: 0}
  m_ProbeAnchor: {fileID: 0}
  m_LightProbeVolumeOverride: {fileID: 0}
  m_ScaleInLightmap: 1
  m_PreserveUVs: 1
  m_IgnoreNormalsForChartDetection: 0
  m_ImportantGI: 0
  m_SelectedEditorRenderState: 3
  m_MinimumChartSize: 4
  m_AutoUVMaxDistance: 0.5
  m_AutoUVMaxAngle: 89
  m_LightmapParameters: {fileID: 0}
  m_SortingLayerID: 0
  m_SortingLayer: 0
  m_SortingOrder: 0
--- !u!33 &892143066
MeshFilter:
  m_ObjectHideFlags: 0
  m_PrefabParentObject: {fileID: 33298887186206334, guid: a3728dd16f0203a4d9531d6385037b01,
    type: 2}
  m_PrefabInternal: {fileID: 0}
  m_GameObject: {fileID: 892143064}
  m_Mesh: {fileID: 10202, guid: 0000000000000000e000000000000000, type: 0}
--- !u!4 &892143067
Transform:
  m_ObjectHideFlags: 0
  m_PrefabParentObject: {fileID: 4896575685874760, guid: a3728dd16f0203a4d9531d6385037b01,
    type: 2}
  m_PrefabInternal: {fileID: 0}
  m_GameObject: {fileID: 892143064}
  m_LocalRotation: {x: -0, y: -0, z: -0, w: 1}
  m_LocalPosition: {x: -0.24, y: -7.0251527, z: -1.0252924}
  m_LocalScale: {x: 1, y: 1, z: 1}
  m_Children: []
  m_Father: {fileID: 134449359}
  m_RootOrder: 0
  m_LocalEulerAnglesHint: {x: 0, y: 0, z: 0}
--- !u!1 &897187801
GameObject:
  m_ObjectHideFlags: 0
  m_PrefabParentObject: {fileID: 0}
  m_PrefabInternal: {fileID: 0}
  serializedVersion: 5
  m_Component:
  - component: {fileID: 897187802}
  - component: {fileID: 897187804}
  - component: {fileID: 897187803}
  m_Layer: 5
  m_Name: Image
  m_TagString: Untagged
  m_Icon: {fileID: 0}
  m_NavMeshLayer: 0
  m_StaticEditorFlags: 0
  m_IsActive: 1
--- !u!224 &897187802
RectTransform:
  m_ObjectHideFlags: 0
  m_PrefabParentObject: {fileID: 0}
  m_PrefabInternal: {fileID: 0}
  m_GameObject: {fileID: 897187801}
  m_LocalRotation: {x: 0, y: 0, z: 0, w: 1}
  m_LocalPosition: {x: 0, y: 0, z: 0}
  m_LocalScale: {x: 1, y: 1, z: 1}
  m_Children: []
  m_Father: {fileID: 519387280}
  m_RootOrder: 4
  m_LocalEulerAnglesHint: {x: 0, y: 0, z: 0}
  m_AnchorMin: {x: 0.5, y: 0.5}
  m_AnchorMax: {x: 0.5, y: 0.5}
  m_AnchoredPosition: {x: 434, y: 242}
  m_SizeDelta: {x: 100, y: 100}
  m_Pivot: {x: 0.5, y: 0.5}
--- !u!114 &897187803
MonoBehaviour:
  m_ObjectHideFlags: 0
  m_PrefabParentObject: {fileID: 0}
  m_PrefabInternal: {fileID: 0}
  m_GameObject: {fileID: 897187801}
  m_Enabled: 1
  m_EditorHideFlags: 0
  m_Script: {fileID: -765806418, guid: f70555f144d8491a825f0804e09c671c, type: 3}
  m_Name: 
  m_EditorClassIdentifier: 
  m_Material: {fileID: 0}
  m_Color: {r: 1, g: 1, b: 1, a: 1}
  m_RaycastTarget: 1
  m_OnCullStateChanged:
    m_PersistentCalls:
      m_Calls: []
    m_TypeName: UnityEngine.UI.MaskableGraphic+CullStateChangedEvent, UnityEngine.UI,
      Version=1.0.0.0, Culture=neutral, PublicKeyToken=null
  m_Sprite: {fileID: 0}
  m_Type: 0
  m_PreserveAspect: 0
  m_FillCenter: 1
  m_FillMethod: 4
  m_FillAmount: 1
  m_FillClockwise: 1
  m_FillOrigin: 0
--- !u!222 &897187804
CanvasRenderer:
  m_ObjectHideFlags: 0
  m_PrefabParentObject: {fileID: 0}
  m_PrefabInternal: {fileID: 0}
  m_GameObject: {fileID: 897187801}
--- !u!1001 &909612424
Prefab:
  m_ObjectHideFlags: 0
  serializedVersion: 2
  m_Modification:
    m_TransformParent: {fileID: 519387280}
    m_Modifications:
    - target: {fileID: 224789169410618898, guid: ddccba0dbdaaedf4783cf47455da65e2,
        type: 2}
      propertyPath: m_LocalPosition.x
      value: 0
      objectReference: {fileID: 0}
    - target: {fileID: 224789169410618898, guid: ddccba0dbdaaedf4783cf47455da65e2,
        type: 2}
      propertyPath: m_LocalPosition.y
      value: 0
      objectReference: {fileID: 0}
    - target: {fileID: 224789169410618898, guid: ddccba0dbdaaedf4783cf47455da65e2,
        type: 2}
      propertyPath: m_LocalPosition.z
      value: 0
      objectReference: {fileID: 0}
    - target: {fileID: 224789169410618898, guid: ddccba0dbdaaedf4783cf47455da65e2,
        type: 2}
      propertyPath: m_LocalRotation.x
      value: -0
      objectReference: {fileID: 0}
    - target: {fileID: 224789169410618898, guid: ddccba0dbdaaedf4783cf47455da65e2,
        type: 2}
      propertyPath: m_LocalRotation.y
      value: -0
      objectReference: {fileID: 0}
    - target: {fileID: 224789169410618898, guid: ddccba0dbdaaedf4783cf47455da65e2,
        type: 2}
      propertyPath: m_LocalRotation.z
      value: -0
      objectReference: {fileID: 0}
    - target: {fileID: 224789169410618898, guid: ddccba0dbdaaedf4783cf47455da65e2,
        type: 2}
      propertyPath: m_LocalRotation.w
      value: 1
      objectReference: {fileID: 0}
    - target: {fileID: 224789169410618898, guid: ddccba0dbdaaedf4783cf47455da65e2,
        type: 2}
      propertyPath: m_RootOrder
      value: 1
      objectReference: {fileID: 0}
    - target: {fileID: 224789169410618898, guid: ddccba0dbdaaedf4783cf47455da65e2,
        type: 2}
      propertyPath: m_AnchoredPosition.x
      value: 513
      objectReference: {fileID: 0}
    - target: {fileID: 224789169410618898, guid: ddccba0dbdaaedf4783cf47455da65e2,
        type: 2}
      propertyPath: m_AnchoredPosition.y
      value: 224.4
      objectReference: {fileID: 0}
    - target: {fileID: 224789169410618898, guid: ddccba0dbdaaedf4783cf47455da65e2,
        type: 2}
      propertyPath: m_SizeDelta.x
      value: 290.2
      objectReference: {fileID: 0}
    - target: {fileID: 224789169410618898, guid: ddccba0dbdaaedf4783cf47455da65e2,
        type: 2}
      propertyPath: m_SizeDelta.y
      value: 155.70001
      objectReference: {fileID: 0}
    - target: {fileID: 224789169410618898, guid: ddccba0dbdaaedf4783cf47455da65e2,
        type: 2}
      propertyPath: m_AnchorMin.x
      value: 0
      objectReference: {fileID: 0}
    - target: {fileID: 224789169410618898, guid: ddccba0dbdaaedf4783cf47455da65e2,
        type: 2}
      propertyPath: m_AnchorMin.y
      value: 0
      objectReference: {fileID: 0}
    - target: {fileID: 224789169410618898, guid: ddccba0dbdaaedf4783cf47455da65e2,
        type: 2}
      propertyPath: m_AnchorMax.x
      value: 0
      objectReference: {fileID: 0}
    - target: {fileID: 224789169410618898, guid: ddccba0dbdaaedf4783cf47455da65e2,
        type: 2}
      propertyPath: m_AnchorMax.y
      value: 0
      objectReference: {fileID: 0}
    - target: {fileID: 224789169410618898, guid: ddccba0dbdaaedf4783cf47455da65e2,
        type: 2}
      propertyPath: m_Pivot.x
      value: 0
      objectReference: {fileID: 0}
    - target: {fileID: 224789169410618898, guid: ddccba0dbdaaedf4783cf47455da65e2,
        type: 2}
      propertyPath: m_Pivot.y
      value: 1
      objectReference: {fileID: 0}
    - target: {fileID: 1705136335590988, guid: ddccba0dbdaaedf4783cf47455da65e2, type: 2}
      propertyPath: m_Name
      value: State2_CustomTextBox0
      objectReference: {fileID: 0}
    m_RemovedComponents: []
  m_ParentPrefab: {fileID: 100100000, guid: ddccba0dbdaaedf4783cf47455da65e2, type: 2}
  m_IsPrefabParent: 0
--- !u!1 &909612425 stripped
GameObject:
  m_PrefabParentObject: {fileID: 1705136335590988, guid: ddccba0dbdaaedf4783cf47455da65e2,
    type: 2}
  m_PrefabInternal: {fileID: 909612424}
--- !u!224 &909612426 stripped
RectTransform:
  m_PrefabParentObject: {fileID: 224789169410618898, guid: ddccba0dbdaaedf4783cf47455da65e2,
    type: 2}
  m_PrefabInternal: {fileID: 909612424}
--- !u!1 &921696104
GameObject:
  m_ObjectHideFlags: 0
  m_PrefabParentObject: {fileID: 0}
  m_PrefabInternal: {fileID: 0}
  serializedVersion: 5
  m_Component:
  - component: {fileID: 921696105}
  - component: {fileID: 921696108}
  - component: {fileID: 921696107}
  - component: {fileID: 921696106}
  - component: {fileID: 921696109}
  m_Layer: 0
  m_Name: greenCube_child2
  m_TagString: Untagged
  m_Icon: {fileID: 0}
  m_NavMeshLayer: 0
  m_StaticEditorFlags: 0
  m_IsActive: 1
--- !u!4 &921696105
Transform:
  m_ObjectHideFlags: 0
  m_PrefabParentObject: {fileID: 0}
  m_PrefabInternal: {fileID: 0}
  m_GameObject: {fileID: 921696104}
  m_LocalRotation: {x: -0, y: -0, z: -0, w: 1}
  m_LocalPosition: {x: -0.43700004, y: 0.4330001, z: -0.043000042}
  m_LocalScale: {x: 0.1, y: 1, z: 1}
  m_Children: []
  m_Father: {fileID: 440437584}
  m_RootOrder: 1
  m_LocalEulerAnglesHint: {x: 0, y: 0, z: 0}
--- !u!23 &921696106
MeshRenderer:
  m_ObjectHideFlags: 0
  m_PrefabParentObject: {fileID: 0}
  m_PrefabInternal: {fileID: 0}
  m_GameObject: {fileID: 921696104}
  m_Enabled: 1
  m_CastShadows: 1
  m_ReceiveShadows: 1
  m_MotionVectors: 1
  m_LightProbeUsage: 1
  m_ReflectionProbeUsage: 1
  m_Materials:
  - {fileID: 2100000, guid: f84fdc2a53d1f06428dcc7461a96afc1, type: 2}
  m_StaticBatchInfo:
    firstSubMesh: 0
    subMeshCount: 0
  m_StaticBatchRoot: {fileID: 0}
  m_ProbeAnchor: {fileID: 0}
  m_LightProbeVolumeOverride: {fileID: 0}
  m_ScaleInLightmap: 1
  m_PreserveUVs: 1
  m_IgnoreNormalsForChartDetection: 0
  m_ImportantGI: 0
  m_SelectedEditorRenderState: 3
  m_MinimumChartSize: 4
  m_AutoUVMaxDistance: 0.5
  m_AutoUVMaxAngle: 89
  m_LightmapParameters: {fileID: 0}
  m_SortingLayerID: 0
  m_SortingLayer: 0
  m_SortingOrder: 0
--- !u!65 &921696107
BoxCollider:
  m_ObjectHideFlags: 0
  m_PrefabParentObject: {fileID: 0}
  m_PrefabInternal: {fileID: 0}
  m_GameObject: {fileID: 921696104}
  m_Material: {fileID: 0}
  m_IsTrigger: 0
  m_Enabled: 1
  serializedVersion: 2
  m_Size: {x: 1, y: 1, z: 1}
  m_Center: {x: 0, y: 0, z: 0}
--- !u!33 &921696108
MeshFilter:
  m_ObjectHideFlags: 0
  m_PrefabParentObject: {fileID: 0}
  m_PrefabInternal: {fileID: 0}
  m_GameObject: {fileID: 921696104}
  m_Mesh: {fileID: 10202, guid: 0000000000000000e000000000000000, type: 0}
--- !u!114 &921696109
MonoBehaviour:
  m_ObjectHideFlags: 0
  m_PrefabParentObject: {fileID: 0}
  m_PrefabInternal: {fileID: 0}
  m_GameObject: {fileID: 921696104}
  m_Enabled: 1
  m_EditorHideFlags: 0
  m_Script: {fileID: 11500000, guid: 7096b23dace275e41b25d0f77773bb47, type: 3}
  m_Name: 
  m_EditorClassIdentifier: 
  SetTransparencyEvents:
  - _id: GreenCubeTransaprent
  SetOpaqueEvents:
  - _id: GreenCubeOpaque
  DefinedTransparentMaterials: []
  TransparencyLevel: 0.5
--- !u!1 &954693119
GameObject:
  m_ObjectHideFlags: 0
  m_PrefabParentObject: {fileID: 0}
  m_PrefabInternal: {fileID: 0}
  serializedVersion: 5
  m_Component:
  - component: {fileID: 954693120}
  - component: {fileID: 954693123}
  - component: {fileID: 954693122}
  - component: {fileID: 954693121}
  - component: {fileID: 954693124}
  m_Layer: 0
  m_Name: greenCube_child1
  m_TagString: Untagged
  m_Icon: {fileID: 0}
  m_NavMeshLayer: 0
  m_StaticEditorFlags: 0
  m_IsActive: 1
--- !u!4 &954693120
Transform:
  m_ObjectHideFlags: 0
  m_PrefabParentObject: {fileID: 0}
  m_PrefabInternal: {fileID: 0}
  m_GameObject: {fileID: 954693119}
  m_LocalRotation: {x: -0, y: -0, z: -0, w: 1}
  m_LocalPosition: {x: 0.47300005, y: 0.4330001, z: -0.043000042}
  m_LocalScale: {x: 0.1, y: 1, z: 1}
  m_Children: []
  m_Father: {fileID: 440437584}
  m_RootOrder: 0
  m_LocalEulerAnglesHint: {x: 0, y: 0, z: 0}
--- !u!23 &954693121
MeshRenderer:
  m_ObjectHideFlags: 0
  m_PrefabParentObject: {fileID: 0}
  m_PrefabInternal: {fileID: 0}
  m_GameObject: {fileID: 954693119}
  m_Enabled: 1
  m_CastShadows: 1
  m_ReceiveShadows: 1
  m_MotionVectors: 1
  m_LightProbeUsage: 1
  m_ReflectionProbeUsage: 1
  m_Materials:
  - {fileID: 2100000, guid: f84fdc2a53d1f06428dcc7461a96afc1, type: 2}
  m_StaticBatchInfo:
    firstSubMesh: 0
    subMeshCount: 0
  m_StaticBatchRoot: {fileID: 0}
  m_ProbeAnchor: {fileID: 0}
  m_LightProbeVolumeOverride: {fileID: 0}
  m_ScaleInLightmap: 1
  m_PreserveUVs: 1
  m_IgnoreNormalsForChartDetection: 0
  m_ImportantGI: 0
  m_SelectedEditorRenderState: 3
  m_MinimumChartSize: 4
  m_AutoUVMaxDistance: 0.5
  m_AutoUVMaxAngle: 89
  m_LightmapParameters: {fileID: 0}
  m_SortingLayerID: 0
  m_SortingLayer: 0
  m_SortingOrder: 0
--- !u!65 &954693122
BoxCollider:
  m_ObjectHideFlags: 0
  m_PrefabParentObject: {fileID: 0}
  m_PrefabInternal: {fileID: 0}
  m_GameObject: {fileID: 954693119}
  m_Material: {fileID: 0}
  m_IsTrigger: 0
  m_Enabled: 1
  serializedVersion: 2
  m_Size: {x: 1, y: 1, z: 1}
  m_Center: {x: 0, y: 0, z: 0}
--- !u!33 &954693123
MeshFilter:
  m_ObjectHideFlags: 0
  m_PrefabParentObject: {fileID: 0}
  m_PrefabInternal: {fileID: 0}
  m_GameObject: {fileID: 954693119}
  m_Mesh: {fileID: 10202, guid: 0000000000000000e000000000000000, type: 0}
--- !u!114 &954693124
MonoBehaviour:
  m_ObjectHideFlags: 0
  m_PrefabParentObject: {fileID: 0}
  m_PrefabInternal: {fileID: 0}
  m_GameObject: {fileID: 954693119}
  m_Enabled: 1
  m_EditorHideFlags: 0
  m_Script: {fileID: 11500000, guid: 7096b23dace275e41b25d0f77773bb47, type: 3}
  m_Name: 
  m_EditorClassIdentifier: 
  SetTransparencyEvents:
  - _id: GreenCubeTransaprent
  SetOpaqueEvents:
  - _id: GreenCubeOpaque
  DefinedTransparentMaterials: []
  TransparencyLevel: 0.5
--- !u!1001 &1117802116
Prefab:
  m_ObjectHideFlags: 0
  serializedVersion: 2
  m_Modification:
    m_TransformParent: {fileID: 519387280}
    m_Modifications:
    - target: {fileID: 224939634344441680, guid: fbbcc5bb9ce4802449f398d2b82a97a4,
        type: 2}
      propertyPath: m_LocalPosition.x
      value: 0
      objectReference: {fileID: 0}
    - target: {fileID: 224939634344441680, guid: fbbcc5bb9ce4802449f398d2b82a97a4,
        type: 2}
      propertyPath: m_LocalPosition.y
      value: 0
      objectReference: {fileID: 0}
    - target: {fileID: 224939634344441680, guid: fbbcc5bb9ce4802449f398d2b82a97a4,
        type: 2}
      propertyPath: m_LocalPosition.z
      value: 0
      objectReference: {fileID: 0}
    - target: {fileID: 224939634344441680, guid: fbbcc5bb9ce4802449f398d2b82a97a4,
        type: 2}
      propertyPath: m_LocalRotation.x
      value: -0
      objectReference: {fileID: 0}
    - target: {fileID: 224939634344441680, guid: fbbcc5bb9ce4802449f398d2b82a97a4,
        type: 2}
      propertyPath: m_LocalRotation.y
      value: -0
      objectReference: {fileID: 0}
    - target: {fileID: 224939634344441680, guid: fbbcc5bb9ce4802449f398d2b82a97a4,
        type: 2}
      propertyPath: m_LocalRotation.z
      value: -0
      objectReference: {fileID: 0}
    - target: {fileID: 224939634344441680, guid: fbbcc5bb9ce4802449f398d2b82a97a4,
        type: 2}
      propertyPath: m_LocalRotation.w
      value: 1
      objectReference: {fileID: 0}
    - target: {fileID: 224939634344441680, guid: fbbcc5bb9ce4802449f398d2b82a97a4,
        type: 2}
      propertyPath: m_RootOrder
      value: 5
      objectReference: {fileID: 0}
    - target: {fileID: 224939634344441680, guid: fbbcc5bb9ce4802449f398d2b82a97a4,
        type: 2}
      propertyPath: m_AnchoredPosition.x
      value: 434
      objectReference: {fileID: 0}
    - target: {fileID: 224939634344441680, guid: fbbcc5bb9ce4802449f398d2b82a97a4,
        type: 2}
      propertyPath: m_AnchoredPosition.y
      value: 156
      objectReference: {fileID: 0}
    - target: {fileID: 224939634344441680, guid: fbbcc5bb9ce4802449f398d2b82a97a4,
        type: 2}
      propertyPath: m_SizeDelta.x
      value: 100
      objectReference: {fileID: 0}
    - target: {fileID: 224939634344441680, guid: fbbcc5bb9ce4802449f398d2b82a97a4,
        type: 2}
      propertyPath: m_SizeDelta.y
      value: 50
      objectReference: {fileID: 0}
    - target: {fileID: 224939634344441680, guid: fbbcc5bb9ce4802449f398d2b82a97a4,
        type: 2}
      propertyPath: m_AnchorMin.x
      value: 0.5
      objectReference: {fileID: 0}
    - target: {fileID: 224939634344441680, guid: fbbcc5bb9ce4802449f398d2b82a97a4,
        type: 2}
      propertyPath: m_AnchorMin.y
      value: 0.5
      objectReference: {fileID: 0}
    - target: {fileID: 224939634344441680, guid: fbbcc5bb9ce4802449f398d2b82a97a4,
        type: 2}
      propertyPath: m_AnchorMax.x
      value: 0.5
      objectReference: {fileID: 0}
    - target: {fileID: 224939634344441680, guid: fbbcc5bb9ce4802449f398d2b82a97a4,
        type: 2}
      propertyPath: m_AnchorMax.y
      value: 0.5
      objectReference: {fileID: 0}
    - target: {fileID: 224939634344441680, guid: fbbcc5bb9ce4802449f398d2b82a97a4,
        type: 2}
      propertyPath: m_Pivot.x
      value: 0.5
      objectReference: {fileID: 0}
    - target: {fileID: 224939634344441680, guid: fbbcc5bb9ce4802449f398d2b82a97a4,
        type: 2}
      propertyPath: m_Pivot.y
      value: 0.5
      objectReference: {fileID: 0}
    m_RemovedComponents: []
  m_ParentPrefab: {fileID: 100100000, guid: fbbcc5bb9ce4802449f398d2b82a97a4, type: 2}
  m_IsPrefabParent: 0
--- !u!224 &1117802117 stripped
RectTransform:
  m_PrefabParentObject: {fileID: 224939634344441680, guid: fbbcc5bb9ce4802449f398d2b82a97a4,
    type: 2}
  m_PrefabInternal: {fileID: 1117802116}
--- !u!1 &1120707312
GameObject:
  m_ObjectHideFlags: 0
  m_PrefabParentObject: {fileID: 0}
  m_PrefabInternal: {fileID: 0}
  serializedVersion: 5
  m_Component:
  - component: {fileID: 1120707313}
  - component: {fileID: 1120707314}
  m_Layer: 0
  m_Name: GreenCubeDoors
  m_TagString: Untagged
  m_Icon: {fileID: 0}
  m_NavMeshLayer: 0
  m_StaticEditorFlags: 0
  m_IsActive: 1
--- !u!4 &1120707313
Transform:
  m_ObjectHideFlags: 0
  m_PrefabParentObject: {fileID: 0}
  m_PrefabInternal: {fileID: 0}
  m_GameObject: {fileID: 1120707312}
  m_LocalRotation: {x: 0, y: 0.7071068, z: 0, w: 0.7071068}
  m_LocalPosition: {x: -0.43918157, y: 0.4330001, z: -0.5981324}
  m_LocalScale: {x: 1, y: 1, z: 1}
  m_Children:
  - {fileID: 823825267}
  m_Father: {fileID: 440437584}
  m_RootOrder: 2
  m_LocalEulerAnglesHint: {x: 0, y: 90, z: 0}
--- !u!114 &1120707314
MonoBehaviour:
  m_ObjectHideFlags: 0
  m_PrefabParentObject: {fileID: 0}
  m_PrefabInternal: {fileID: 0}
  m_GameObject: {fileID: 1120707312}
  m_Enabled: 1
  m_EditorHideFlags: 0
  m_Script: {fileID: 11500000, guid: 6ba0817fd5521f549b248b424a3101d0, type: 3}
  m_Name: 
  m_EditorClassIdentifier: 
--- !u!1 &1279348616
GameObject:
  m_ObjectHideFlags: 0
  m_PrefabParentObject: {fileID: 1483431701259134, guid: a3728dd16f0203a4d9531d6385037b01,
    type: 2}
  m_PrefabInternal: {fileID: 0}
  serializedVersion: 5
  m_Component:
  - component: {fileID: 1279348617}
  - component: {fileID: 1279348619}
  - component: {fileID: 1279348618}
  m_Layer: 0
  m_Name: lookatObject
  m_TagString: Untagged
  m_Icon: {fileID: 0}
  m_NavMeshLayer: 0
  m_StaticEditorFlags: 0
  m_IsActive: 1
--- !u!4 &1279348617
Transform:
  m_ObjectHideFlags: 0
  m_PrefabParentObject: {fileID: 4896575685874760, guid: a3728dd16f0203a4d9531d6385037b01,
    type: 2}
  m_PrefabInternal: {fileID: 0}
  m_GameObject: {fileID: 1279348616}
  m_LocalRotation: {x: 0.591869, y: 0.33531025, z: 0.08758, w: -0.72772795}
  m_LocalPosition: {x: -3.0673802, y: 0.42021942, z: 3.9502184}
  m_LocalScale: {x: 1, y: 1, z: 1}
  m_Children: []
  m_Father: {fileID: 537223376}
  m_RootOrder: 0
  m_LocalEulerAnglesHint: {x: 0, y: 0, z: 0}
--- !u!23 &1279348618
MeshRenderer:
  m_ObjectHideFlags: 0
  m_PrefabParentObject: {fileID: 23517347904240506, guid: a3728dd16f0203a4d9531d6385037b01,
    type: 2}
  m_PrefabInternal: {fileID: 0}
  m_GameObject: {fileID: 1279348616}
  m_Enabled: 0
  m_CastShadows: 1
  m_ReceiveShadows: 1
  m_MotionVectors: 1
  m_LightProbeUsage: 1
  m_ReflectionProbeUsage: 1
  m_Materials:
  - {fileID: 2100000, guid: 13a5863e502c82f4e956d6f5a6886e64, type: 2}
  m_StaticBatchInfo:
    firstSubMesh: 0
    subMeshCount: 0
  m_StaticBatchRoot: {fileID: 0}
  m_ProbeAnchor: {fileID: 0}
  m_LightProbeVolumeOverride: {fileID: 0}
  m_ScaleInLightmap: 1
  m_PreserveUVs: 1
  m_IgnoreNormalsForChartDetection: 0
  m_ImportantGI: 0
  m_SelectedEditorRenderState: 3
  m_MinimumChartSize: 4
  m_AutoUVMaxDistance: 0.5
  m_AutoUVMaxAngle: 89
  m_LightmapParameters: {fileID: 0}
  m_SortingLayerID: 0
  m_SortingLayer: 0
  m_SortingOrder: 0
--- !u!33 &1279348619
MeshFilter:
  m_ObjectHideFlags: 0
  m_PrefabParentObject: {fileID: 33298887186206334, guid: a3728dd16f0203a4d9531d6385037b01,
    type: 2}
  m_PrefabInternal: {fileID: 0}
  m_GameObject: {fileID: 1279348616}
  m_Mesh: {fileID: 10202, guid: 0000000000000000e000000000000000, type: 0}
--- !u!4 &1463768951
Transform:
  m_ObjectHideFlags: 0
  m_PrefabParentObject: {fileID: 4066327539237156, guid: a3728dd16f0203a4d9531d6385037b01,
    type: 2}
  m_PrefabInternal: {fileID: 0}
  m_GameObject: {fileID: 518459792}
  m_LocalRotation: {x: 0.47614586, y: 0.4350206, z: 0.16864592, w: 0.74538636}
  m_LocalPosition: {x: -6.775757, y: -3.8849068, z: -1.1214528}
  m_LocalScale: {x: 1, y: 1, z: 1}
  m_Children:
  - {fileID: 1663730343}
  m_Father: {fileID: 134449359}
  m_RootOrder: 2
  m_LocalEulerAnglesHint: {x: 0, y: 0, z: 0}
--- !u!1 &1486627019
GameObject:
  m_ObjectHideFlags: 0
  m_PrefabParentObject: {fileID: 1483431701259134, guid: a3728dd16f0203a4d9531d6385037b01,
    type: 2}
  m_PrefabInternal: {fileID: 0}
  serializedVersion: 5
  m_Component:
  - component: {fileID: 1486627020}
  - component: {fileID: 1486627022}
  - component: {fileID: 1486627021}
  m_Layer: 0
  m_Name: lookatObject
  m_TagString: Untagged
  m_Icon: {fileID: 0}
  m_NavMeshLayer: 0
  m_StaticEditorFlags: 0
  m_IsActive: 1
--- !u!4 &1486627020
Transform:
  m_ObjectHideFlags: 0
  m_PrefabParentObject: {fileID: 4896575685874760, guid: a3728dd16f0203a4d9531d6385037b01,
    type: 2}
  m_PrefabInternal: {fileID: 0}
  m_GameObject: {fileID: 1486627019}
  m_LocalRotation: {x: 0.10692215, y: -0.024455355, z: -0.15938596, w: -0.9811044}
  m_LocalPosition: {x: -1.2629066, y: -4.924927, z: -0.13194144}
  m_LocalScale: {x: 1, y: 1, z: 1}
  m_Children: []
  m_Father: {fileID: 1825113633}
  m_RootOrder: 0
  m_LocalEulerAnglesHint: {x: 0, y: 0, z: 0}
--- !u!23 &1486627021
MeshRenderer:
  m_ObjectHideFlags: 0
  m_PrefabParentObject: {fileID: 23517347904240506, guid: a3728dd16f0203a4d9531d6385037b01,
    type: 2}
  m_PrefabInternal: {fileID: 0}
  m_GameObject: {fileID: 1486627019}
  m_Enabled: 0
  m_CastShadows: 1
  m_ReceiveShadows: 1
  m_MotionVectors: 1
  m_LightProbeUsage: 1
  m_ReflectionProbeUsage: 1
  m_Materials:
  - {fileID: 2100000, guid: 13a5863e502c82f4e956d6f5a6886e64, type: 2}
  m_StaticBatchInfo:
    firstSubMesh: 0
    subMeshCount: 0
  m_StaticBatchRoot: {fileID: 0}
  m_ProbeAnchor: {fileID: 0}
  m_LightProbeVolumeOverride: {fileID: 0}
  m_ScaleInLightmap: 1
  m_PreserveUVs: 1
  m_IgnoreNormalsForChartDetection: 0
  m_ImportantGI: 0
  m_SelectedEditorRenderState: 3
  m_MinimumChartSize: 4
  m_AutoUVMaxDistance: 0.5
  m_AutoUVMaxAngle: 89
  m_LightmapParameters: {fileID: 0}
  m_SortingLayerID: 0
  m_SortingLayer: 0
  m_SortingOrder: 0
--- !u!33 &1486627022
MeshFilter:
  m_ObjectHideFlags: 0
  m_PrefabParentObject: {fileID: 33298887186206334, guid: a3728dd16f0203a4d9531d6385037b01,
    type: 2}
  m_PrefabInternal: {fileID: 0}
  m_GameObject: {fileID: 1486627019}
  m_Mesh: {fileID: 10202, guid: 0000000000000000e000000000000000, type: 0}
--- !u!1 &1507454563
GameObject:
  m_ObjectHideFlags: 0
  m_PrefabParentObject: {fileID: 0}
  m_PrefabInternal: {fileID: 0}
  serializedVersion: 5
  m_Component:
  - component: {fileID: 1507454564}
  - component: {fileID: 1507454567}
  - component: {fileID: 1507454566}
  - component: {fileID: 1507454565}
  - component: {fileID: 1507454568}
  - component: {fileID: 1507454569}
  m_Layer: 0
  m_Name: YellowCube
  m_TagString: Untagged
  m_Icon: {fileID: 0}
  m_NavMeshLayer: 0
  m_StaticEditorFlags: 0
  m_IsActive: 1
--- !u!4 &1507454564
Transform:
  m_ObjectHideFlags: 0
  m_PrefabParentObject: {fileID: 0}
  m_PrefabInternal: {fileID: 0}
  m_GameObject: {fileID: 1507454563}
  m_LocalRotation: {x: -0, y: -0, z: -0, w: 1}
  m_LocalPosition: {x: -0.05, y: 0.526, z: 0.739}
  m_LocalScale: {x: 1, y: 1, z: 1}
  m_Children: []
  m_Father: {fileID: 342922039}
  m_RootOrder: 2
  m_LocalEulerAnglesHint: {x: 0, y: 273.22916, z: 0}
--- !u!23 &1507454565
MeshRenderer:
  m_ObjectHideFlags: 0
  m_PrefabParentObject: {fileID: 0}
  m_PrefabInternal: {fileID: 0}
  m_GameObject: {fileID: 1507454563}
  m_Enabled: 1
  m_CastShadows: 1
  m_ReceiveShadows: 1
  m_MotionVectors: 1
  m_LightProbeUsage: 1
  m_ReflectionProbeUsage: 1
  m_Materials:
  - {fileID: 2100000, guid: 0abcb47794122c84b9d0ed83b8b3fa8d, type: 2}
  m_StaticBatchInfo:
    firstSubMesh: 0
    subMeshCount: 0
  m_StaticBatchRoot: {fileID: 0}
  m_ProbeAnchor: {fileID: 0}
  m_LightProbeVolumeOverride: {fileID: 0}
  m_ScaleInLightmap: 1
  m_PreserveUVs: 1
  m_IgnoreNormalsForChartDetection: 0
  m_ImportantGI: 0
  m_SelectedEditorRenderState: 3
  m_MinimumChartSize: 4
  m_AutoUVMaxDistance: 0.5
  m_AutoUVMaxAngle: 89
  m_LightmapParameters: {fileID: 0}
  m_SortingLayerID: 0
  m_SortingLayer: 0
  m_SortingOrder: 0
--- !u!65 &1507454566
BoxCollider:
  m_ObjectHideFlags: 0
  m_PrefabParentObject: {fileID: 0}
  m_PrefabInternal: {fileID: 0}
  m_GameObject: {fileID: 1507454563}
  m_Material: {fileID: 0}
  m_IsTrigger: 0
  m_Enabled: 1
  serializedVersion: 2
  m_Size: {x: 1, y: 1, z: 1}
  m_Center: {x: 0, y: 0, z: 0}
--- !u!33 &1507454567
MeshFilter:
  m_ObjectHideFlags: 0
  m_PrefabParentObject: {fileID: 0}
  m_PrefabInternal: {fileID: 0}
  m_GameObject: {fileID: 1507454563}
  m_Mesh: {fileID: 10202, guid: 0000000000000000e000000000000000, type: 0}
--- !u!114 &1507454568
MonoBehaviour:
  m_ObjectHideFlags: 0
  m_PrefabParentObject: {fileID: 0}
  m_PrefabInternal: {fileID: 0}
  m_GameObject: {fileID: 1507454563}
  m_Enabled: 1
  m_EditorHideFlags: 0
  m_Script: {fileID: 11500000, guid: 7096b23dace275e41b25d0f77773bb47, type: 3}
  m_Name: 
  m_EditorClassIdentifier: 
  SetTransparencyEvents: []
  SetOpaqueEvents: []
  DefinedTransparentMaterials: []
  TransparencyLevel: 0.5
--- !u!111 &1507454569
Animation:
  m_ObjectHideFlags: 0
  m_PrefabParentObject: {fileID: 0}
  m_PrefabInternal: {fileID: 0}
  m_GameObject: {fileID: 1507454563}
  m_Enabled: 1
  serializedVersion: 3
  m_Animation: {fileID: 0}
  m_Animations:
  - {fileID: 7400000, guid: 0950375fd9288b44eaccf8d5d4aa9540, type: 2}
  m_WrapMode: 0
  m_PlayAutomatically: 1
  m_AnimatePhysics: 0
  m_CullingType: 0
--- !u!1 &1531578624
GameObject:
  m_ObjectHideFlags: 0
  m_PrefabParentObject: {fileID: 1660843294733746, guid: a3728dd16f0203a4d9531d6385037b01,
    type: 2}
  m_PrefabInternal: {fileID: 0}
  serializedVersion: 5
  m_Component:
  - component: {fileID: 537223376}
  - component: {fileID: 1531578625}
  m_Layer: 0
  m_Name: HotSpot3
  m_TagString: Untagged
  m_Icon: {fileID: 0}
  m_NavMeshLayer: 0
  m_StaticEditorFlags: 0
  m_IsActive: 1
--- !u!114 &1531578625
MonoBehaviour:
  m_ObjectHideFlags: 0
  m_PrefabParentObject: {fileID: 114332510774313808, guid: a3728dd16f0203a4d9531d6385037b01,
    type: 2}
  m_PrefabInternal: {fileID: 0}
  m_GameObject: {fileID: 1531578624}
  m_Enabled: 1
  m_EditorHideFlags: 0
  m_Script: {fileID: 11500000, guid: 0167164cf47a3a946800f7d30572050f, type: 3}
  m_Name: 
  m_EditorClassIdentifier: 
  PressHotSpotEvent:
    _id: 
  CamObject: {fileID: 0}
  LookAtObject: {fileID: 1279348616}
  lookAtObjectTrackingMode: 0
  LookAtObjectDeltaMove: {x: 0, y: 0, z: 0}
  slaveCameraMode: 0
  hotspotMoveToMode: 0
  buttonPrefab: 0
  buttonShowMode: 0
  hideBackButton: 0
  cameraFov: 0
  HideSiblingsWhenActive: 0
  LockPosition: 0
  LockRotation: 0
  Button: {fileID: 0}
  UseCameraAnglesLimit: 0
  MinCameraAngle: 15
  MaxCameraAngle: 35
  UseCameraZoomDistanceLimit: 0
  MinZoomDistance: 10
  MaxZoomDistance: 50
  AllowUserInterruptCameraTransition: 1
  DistanceToInterruptCameraTransition: 0
  CustomButtonPosition: {fileID: 0}
  autoOrbitSpeed: 0
  autoOrbitDelay: 0
  useCameraSettingFromHotSpotCamera: 0
  GizmosRadius: 0.2
  GizmoColor: {r: 0.5, g: 0.5, b: 0.5, a: 1}
  State: {fileID: 0}
  OverrideStateViscoComponents: 0
  cameraStartGoingToActions:
    List: []
  cameraArriveActions:
    List: []
  cameraLeaveActions:
    List: []
  backButtonActions:
    List: []
  MyCommonTools:
    viscoButtonList: {fileID: 0}
    viscoButtonsSize: {x: 0, y: 0}
    viscoDescriptionManager: {fileID: 0}
    viscoVideoManager: {fileID: 0}
    viscoImageManager: {fileID: 0}
    sideMenuManager: {fileID: 0}
--- !u!1001 &1576305638
Prefab:
  m_ObjectHideFlags: 0
  serializedVersion: 2
  m_Modification:
    m_TransformParent: {fileID: 519387280}
    m_Modifications:
    - target: {fileID: 224789169410618898, guid: ddccba0dbdaaedf4783cf47455da65e2,
        type: 2}
      propertyPath: m_LocalPosition.x
      value: 0
      objectReference: {fileID: 0}
    - target: {fileID: 224789169410618898, guid: ddccba0dbdaaedf4783cf47455da65e2,
        type: 2}
      propertyPath: m_LocalPosition.y
      value: 0
      objectReference: {fileID: 0}
    - target: {fileID: 224789169410618898, guid: ddccba0dbdaaedf4783cf47455da65e2,
        type: 2}
      propertyPath: m_LocalPosition.z
      value: 0
      objectReference: {fileID: 0}
    - target: {fileID: 224789169410618898, guid: ddccba0dbdaaedf4783cf47455da65e2,
        type: 2}
      propertyPath: m_LocalRotation.x
      value: -0
      objectReference: {fileID: 0}
    - target: {fileID: 224789169410618898, guid: ddccba0dbdaaedf4783cf47455da65e2,
        type: 2}
      propertyPath: m_LocalRotation.y
      value: -0
      objectReference: {fileID: 0}
    - target: {fileID: 224789169410618898, guid: ddccba0dbdaaedf4783cf47455da65e2,
        type: 2}
      propertyPath: m_LocalRotation.z
      value: -0
      objectReference: {fileID: 0}
    - target: {fileID: 224789169410618898, guid: ddccba0dbdaaedf4783cf47455da65e2,
        type: 2}
      propertyPath: m_LocalRotation.w
      value: 1
      objectReference: {fileID: 0}
    - target: {fileID: 224789169410618898, guid: ddccba0dbdaaedf4783cf47455da65e2,
        type: 2}
      propertyPath: m_RootOrder
      value: 2
      objectReference: {fileID: 0}
    - target: {fileID: 224789169410618898, guid: ddccba0dbdaaedf4783cf47455da65e2,
        type: 2}
      propertyPath: m_AnchoredPosition.x
      value: 262
      objectReference: {fileID: 0}
    - target: {fileID: 224789169410618898, guid: ddccba0dbdaaedf4783cf47455da65e2,
        type: 2}
      propertyPath: m_AnchoredPosition.y
      value: -440.71
      objectReference: {fileID: 0}
    - target: {fileID: 224789169410618898, guid: ddccba0dbdaaedf4783cf47455da65e2,
        type: 2}
      propertyPath: m_SizeDelta.x
      value: 275.3
      objectReference: {fileID: 0}
    - target: {fileID: 224789169410618898, guid: ddccba0dbdaaedf4783cf47455da65e2,
        type: 2}
      propertyPath: m_SizeDelta.y
      value: 47.4
      objectReference: {fileID: 0}
    - target: {fileID: 224789169410618898, guid: ddccba0dbdaaedf4783cf47455da65e2,
        type: 2}
      propertyPath: m_AnchorMin.x
      value: 0
      objectReference: {fileID: 0}
    - target: {fileID: 224789169410618898, guid: ddccba0dbdaaedf4783cf47455da65e2,
        type: 2}
      propertyPath: m_AnchorMin.y
      value: 1
      objectReference: {fileID: 0}
    - target: {fileID: 224789169410618898, guid: ddccba0dbdaaedf4783cf47455da65e2,
        type: 2}
      propertyPath: m_AnchorMax.x
      value: 0
      objectReference: {fileID: 0}
    - target: {fileID: 224789169410618898, guid: ddccba0dbdaaedf4783cf47455da65e2,
        type: 2}
      propertyPath: m_AnchorMax.y
      value: 1
      objectReference: {fileID: 0}
    - target: {fileID: 224789169410618898, guid: ddccba0dbdaaedf4783cf47455da65e2,
        type: 2}
      propertyPath: m_Pivot.x
      value: 0
      objectReference: {fileID: 0}
    - target: {fileID: 224789169410618898, guid: ddccba0dbdaaedf4783cf47455da65e2,
        type: 2}
      propertyPath: m_Pivot.y
      value: 1
      objectReference: {fileID: 0}
    - target: {fileID: 1705136335590988, guid: ddccba0dbdaaedf4783cf47455da65e2, type: 2}
      propertyPath: m_Name
      value: State2_CustomTextBox1
      objectReference: {fileID: 0}
    - target: {fileID: 114646148417734740, guid: ddccba0dbdaaedf4783cf47455da65e2,
        type: 2}
      propertyPath: m_Text
      value: 'Custom text box 2

        for state 2'
      objectReference: {fileID: 0}
    - target: {fileID: 1705136335590988, guid: ddccba0dbdaaedf4783cf47455da65e2, type: 2}
      propertyPath: m_IsActive
      value: 1
      objectReference: {fileID: 0}
    - target: {fileID: 114952247559345988, guid: ddccba0dbdaaedf4783cf47455da65e2,
        type: 2}
      propertyPath: m_Type
      value: 3
      objectReference: {fileID: 0}
    m_RemovedComponents: []
  m_ParentPrefab: {fileID: 100100000, guid: ddccba0dbdaaedf4783cf47455da65e2, type: 2}
  m_IsPrefabParent: 0
--- !u!1 &1576305639 stripped
GameObject:
  m_PrefabParentObject: {fileID: 1705136335590988, guid: ddccba0dbdaaedf4783cf47455da65e2,
    type: 2}
  m_PrefabInternal: {fileID: 1576305638}
--- !u!224 &1576305640 stripped
RectTransform:
  m_PrefabParentObject: {fileID: 224789169410618898, guid: ddccba0dbdaaedf4783cf47455da65e2,
    type: 2}
  m_PrefabInternal: {fileID: 1576305638}
--- !u!1 &1658161051
GameObject:
  m_ObjectHideFlags: 0
  m_PrefabParentObject: {fileID: 0}
  m_PrefabInternal: {fileID: 0}
  serializedVersion: 5
  m_Component:
  - component: {fileID: 1658161052}
  - component: {fileID: 1658161055}
  - component: {fileID: 1658161054}
  - component: {fileID: 1658161053}
  - component: {fileID: 1658161056}
  m_Layer: 0
  m_Name: greenCube_child4
  m_TagString: Untagged
  m_Icon: {fileID: 0}
  m_NavMeshLayer: 0
  m_StaticEditorFlags: 0
  m_IsActive: 1
--- !u!4 &1658161052
Transform:
  m_ObjectHideFlags: 0
  m_PrefabParentObject: {fileID: 0}
  m_PrefabInternal: {fileID: 0}
  m_GameObject: {fileID: 1658161051}
  m_LocalRotation: {x: -0, y: 0.7071068, z: -0, w: 0.7071068}
  m_LocalPosition: {x: 0.020999908, y: 0.4330001, z: 0.39899993}
  m_LocalScale: {x: 0.10000017, y: 1, z: 1}
  m_Children: []
  m_Father: {fileID: 440437584}
  m_RootOrder: 3
  m_LocalEulerAnglesHint: {x: 0, y: 90, z: 0}
--- !u!23 &1658161053
MeshRenderer:
  m_ObjectHideFlags: 0
  m_PrefabParentObject: {fileID: 0}
  m_PrefabInternal: {fileID: 0}
  m_GameObject: {fileID: 1658161051}
  m_Enabled: 1
  m_CastShadows: 1
  m_ReceiveShadows: 1
  m_MotionVectors: 1
  m_LightProbeUsage: 1
  m_ReflectionProbeUsage: 1
  m_Materials:
  - {fileID: 2100000, guid: f84fdc2a53d1f06428dcc7461a96afc1, type: 2}
  m_StaticBatchInfo:
    firstSubMesh: 0
    subMeshCount: 0
  m_StaticBatchRoot: {fileID: 0}
  m_ProbeAnchor: {fileID: 0}
  m_LightProbeVolumeOverride: {fileID: 0}
  m_ScaleInLightmap: 1
  m_PreserveUVs: 1
  m_IgnoreNormalsForChartDetection: 0
  m_ImportantGI: 0
  m_SelectedEditorRenderState: 3
  m_MinimumChartSize: 4
  m_AutoUVMaxDistance: 0.5
  m_AutoUVMaxAngle: 89
  m_LightmapParameters: {fileID: 0}
  m_SortingLayerID: 0
  m_SortingLayer: 0
  m_SortingOrder: 0
--- !u!65 &1658161054
BoxCollider:
  m_ObjectHideFlags: 0
  m_PrefabParentObject: {fileID: 0}
  m_PrefabInternal: {fileID: 0}
  m_GameObject: {fileID: 1658161051}
  m_Material: {fileID: 0}
  m_IsTrigger: 0
  m_Enabled: 1
  serializedVersion: 2
  m_Size: {x: 1, y: 1, z: 1}
  m_Center: {x: 0, y: 0, z: 0}
--- !u!33 &1658161055
MeshFilter:
  m_ObjectHideFlags: 0
  m_PrefabParentObject: {fileID: 0}
  m_PrefabInternal: {fileID: 0}
  m_GameObject: {fileID: 1658161051}
  m_Mesh: {fileID: 10202, guid: 0000000000000000e000000000000000, type: 0}
--- !u!114 &1658161056
MonoBehaviour:
  m_ObjectHideFlags: 0
  m_PrefabParentObject: {fileID: 0}
  m_PrefabInternal: {fileID: 0}
  m_GameObject: {fileID: 1658161051}
  m_Enabled: 1
  m_EditorHideFlags: 0
  m_Script: {fileID: 11500000, guid: 7096b23dace275e41b25d0f77773bb47, type: 3}
  m_Name: 
  m_EditorClassIdentifier: 
  SetTransparencyEvents:
  - _id: GreenCubeTransaprent
  SetOpaqueEvents:
  - _id: GreenCubeOpaque
  DefinedTransparentMaterials: []
  TransparencyLevel: 0.5
--- !u!1 &1663730342
GameObject:
  m_ObjectHideFlags: 0
  m_PrefabParentObject: {fileID: 1483431701259134, guid: a3728dd16f0203a4d9531d6385037b01,
    type: 2}
  m_PrefabInternal: {fileID: 0}
  serializedVersion: 5
  m_Component:
  - component: {fileID: 1663730343}
  - component: {fileID: 1663730345}
  - component: {fileID: 1663730344}
  m_Layer: 0
  m_Name: lookatObject
  m_TagString: Untagged
  m_Icon: {fileID: 0}
  m_NavMeshLayer: 0
  m_StaticEditorFlags: 0
  m_IsActive: 1
--- !u!4 &1663730343
Transform:
  m_ObjectHideFlags: 0
  m_PrefabParentObject: {fileID: 4896575685874760, guid: a3728dd16f0203a4d9531d6385037b01,
    type: 2}
  m_PrefabInternal: {fileID: 0}
  m_GameObject: {fileID: 1663730342}
  m_LocalRotation: {x: -0, y: -0, z: -0, w: 1}
  m_LocalPosition: {x: 0.405, y: -0.386, z: 3.724}
  m_LocalScale: {x: 1, y: 1, z: 1}
  m_Children: []
  m_Father: {fileID: 1463768951}
  m_RootOrder: 0
  m_LocalEulerAnglesHint: {x: 0, y: 0, z: 0}
--- !u!23 &1663730344
MeshRenderer:
  m_ObjectHideFlags: 0
  m_PrefabParentObject: {fileID: 23517347904240506, guid: a3728dd16f0203a4d9531d6385037b01,
    type: 2}
  m_PrefabInternal: {fileID: 0}
  m_GameObject: {fileID: 1663730342}
  m_Enabled: 0
  m_CastShadows: 1
  m_ReceiveShadows: 1
  m_MotionVectors: 1
  m_LightProbeUsage: 1
  m_ReflectionProbeUsage: 1
  m_Materials:
  - {fileID: 2100000, guid: 13a5863e502c82f4e956d6f5a6886e64, type: 2}
  m_StaticBatchInfo:
    firstSubMesh: 0
    subMeshCount: 0
  m_StaticBatchRoot: {fileID: 0}
  m_ProbeAnchor: {fileID: 0}
  m_LightProbeVolumeOverride: {fileID: 0}
  m_ScaleInLightmap: 1
  m_PreserveUVs: 1
  m_IgnoreNormalsForChartDetection: 0
  m_ImportantGI: 0
  m_SelectedEditorRenderState: 3
  m_MinimumChartSize: 4
  m_AutoUVMaxDistance: 0.5
  m_AutoUVMaxAngle: 89
  m_LightmapParameters: {fileID: 0}
  m_SortingLayerID: 0
  m_SortingLayer: 0
  m_SortingOrder: 0
--- !u!33 &1663730345
MeshFilter:
  m_ObjectHideFlags: 0
  m_PrefabParentObject: {fileID: 33298887186206334, guid: a3728dd16f0203a4d9531d6385037b01,
    type: 2}
  m_PrefabInternal: {fileID: 0}
  m_GameObject: {fileID: 1663730342}
  m_Mesh: {fileID: 10202, guid: 0000000000000000e000000000000000, type: 0}
--- !u!1 &1746243858
GameObject:
  m_ObjectHideFlags: 0
  m_PrefabParentObject: {fileID: 0}
  m_PrefabInternal: {fileID: 0}
  serializedVersion: 5
  m_Component:
  - component: {fileID: 1746243860}
  - component: {fileID: 1746243859}
  m_Layer: 0
  m_Name: TestEventsGameobject
  m_TagString: Untagged
  m_Icon: {fileID: 0}
  m_NavMeshLayer: 0
  m_StaticEditorFlags: 0
  m_IsActive: 1
--- !u!114 &1746243859
MonoBehaviour:
  m_ObjectHideFlags: 0
  m_PrefabParentObject: {fileID: 0}
  m_PrefabInternal: {fileID: 0}
  m_GameObject: {fileID: 1746243858}
  m_Enabled: 1
  m_EditorHideFlags: 0
  m_Script: {fileID: 11500000, guid: acaa65eb5a55c4541bf9ced717ff2246, type: 3}
  m_Name: 
  m_EditorClassIdentifier: 
--- !u!4 &1746243860
Transform:
  m_ObjectHideFlags: 0
  m_PrefabParentObject: {fileID: 0}
  m_PrefabInternal: {fileID: 0}
  m_GameObject: {fileID: 1746243858}
  m_LocalRotation: {x: 0.08769432, y: 0.46426776, z: -0.046258315, w: 0.8801281}
  m_LocalPosition: {x: -1.58, y: 5.3288584, z: 4.069}
  m_LocalScale: {x: 1, y: 1, z: 1}
  m_Children: []
  m_Father: {fileID: 0}
  m_RootOrder: 8
  m_LocalEulerAnglesHint: {x: 0, y: 0, z: 0}
--- !u!4 &1825113633
Transform:
  m_ObjectHideFlags: 0
  m_PrefabParentObject: {fileID: 4066327539237156, guid: a3728dd16f0203a4d9531d6385037b01,
    type: 2}
  m_PrefabInternal: {fileID: 0}
  m_GameObject: {fileID: 1974826619}
  m_LocalRotation: {x: 0.071478784, y: 0.9890915, z: 0.110726416, w: 0.065791845}
  m_LocalPosition: {x: 3.6035314, y: -2.0388596, z: -0.43760407}
  m_LocalScale: {x: 1, y: 1, z: 1}
  m_Children:
  - {fileID: 1486627020}
  m_Father: {fileID: 134449359}
  m_RootOrder: 1
  m_LocalEulerAnglesHint: {x: 0, y: 0, z: 0}
--- !u!1 &1974826619
GameObject:
  m_ObjectHideFlags: 0
  m_PrefabParentObject: {fileID: 1660843294733746, guid: a3728dd16f0203a4d9531d6385037b01,
    type: 2}
  m_PrefabInternal: {fileID: 0}
  serializedVersion: 5
  m_Component:
  - component: {fileID: 1825113633}
  - component: {fileID: 1974826621}
  - component: {fileID: 1974826620}
  m_Layer: 0
  m_Name: HotSpot1
  m_TagString: Untagged
  m_Icon: {fileID: 0}
  m_NavMeshLayer: 0
  m_StaticEditorFlags: 0
  m_IsActive: 1
--- !u!114 &1974826620
MonoBehaviour:
  m_ObjectHideFlags: 0
  m_PrefabParentObject: {fileID: 0}
  m_PrefabInternal: {fileID: 0}
  m_GameObject: {fileID: 1974826619}
  m_Enabled: 1
  m_EditorHideFlags: 0
  m_Script: {fileID: 11500000, guid: 2ae0fa9207789f443a667eb3a2b4051d, type: 3}
  m_Name: 
  m_EditorClassIdentifier: 
  ButtonsList:
  - ButtonName: Hotspot1_Button1
    ButtonEvent:
      _id: OpenGreenCube
    UnityEvents:
      m_PersistentCalls:
        m_Calls:
        - m_Target: {fileID: 1746243859}
          m_MethodName: Func1
          m_Mode: 1
          m_Arguments:
            m_ObjectArgument: {fileID: 0}
            m_ObjectArgumentAssemblyTypeName: UnityEngine.Object, UnityEngine
            m_IntArgument: 0
            m_FloatArgument: 0
            m_StringArgument: 
            m_BoolArgument: 0
          m_CallState: 2
      m_TypeName: UnityEngine.Events.UnityEvent, UnityEngine, Version=0.0.0.0, Culture=neutral,
        PublicKeyToken=null
    useSecondaryButtonState: 1
    SecondaryButtonName: Hotspot1_Button1
    SecondaryButtonEvent:
      _id: 
    SecondaryUnityEvents:
      m_PersistentCalls:
        m_Calls:
        - m_Target: {fileID: 1746243859}
          m_MethodName: Func4
          m_Mode: 3
          m_Arguments:
            m_ObjectArgument: {fileID: 0}
            m_ObjectArgumentAssemblyTypeName: UnityEngine.Object, UnityEngine
            m_IntArgument: 1111
            m_FloatArgument: 0
            m_StringArgument: 
            m_BoolArgument: 0
          m_CallState: 2
      m_TypeName: UnityEngine.Events.UnityEvent, UnityEngine, Version=0.0.0.0, Culture=neutral,
        PublicKeyToken=null
    CustomButton: {fileID: 0}
    UseCustomSizeAndPlaceForCustomButton: 0
  - ButtonName: Hotspot1_Button2
    ButtonEvent:
      _id: CloseGreenCube
    UnityEvents:
      m_PersistentCalls:
        m_Calls: []
      m_TypeName: UnityEngine.Events.UnityEvent, UnityEngine, Version=0.0.0.0, Culture=neutral,
        PublicKeyToken=null
    useSecondaryButtonState: 0
    SecondaryButtonName: 
    SecondaryButtonEvent:
      _id: 
    SecondaryUnityEvents:
      m_PersistentCalls:
        m_Calls: []
      m_TypeName: UnityEngine.Events.UnityEvent, UnityEngine, Version=0.0.0.0, Culture=neutral,
        PublicKeyToken=null
    CustomButton: {fileID: 0}
    UseCustomSizeAndPlaceForCustomButton: 0
  ButtonsSize: {x: 0, y: 0}
--- !u!114 &1974826621
MonoBehaviour:
  m_ObjectHideFlags: 0
  m_PrefabParentObject: {fileID: 114332510774313808, guid: a3728dd16f0203a4d9531d6385037b01,
    type: 2}
  m_PrefabInternal: {fileID: 0}
  m_GameObject: {fileID: 1974826619}
  m_Enabled: 1
  m_EditorHideFlags: 0
  m_Script: {fileID: 11500000, guid: 0167164cf47a3a946800f7d30572050f, type: 3}
  m_Name: 
  m_EditorClassIdentifier: 
  PressHotSpotEvent:
    _id: cont1
  CamObject: {fileID: 0}
  LookAtObject: {fileID: 440437583}
  lookAtObjectTrackingMode: 0
  LookAtObjectDeltaMove: {x: 0, y: 0, z: 0}
  slaveCameraMode: 0
  hotspotMoveToMode: 0
  buttonPrefab: 0
  buttonShowMode: 0
  hideBackButton: 0
  cameraFov: 0
  HideSiblingsWhenActive: 0
  LockPosition: 0
  LockRotation: 0
  Button: {fileID: 0}
  UseCameraAnglesLimit: 0
  MinCameraAngle: 15
  MaxCameraAngle: 35
  UseCameraZoomDistanceLimit: 0
  MinZoomDistance: 10
  MaxZoomDistance: 50
  AllowUserInterruptCameraTransition: 1
  DistanceToInterruptCameraTransition: 0
  CustomButtonPosition: {fileID: 0}
  autoOrbitSpeed: 0
  autoOrbitDelay: 0
  useCameraSettingFromHotSpotCamera: 0
  GizmosRadius: 0.2
  GizmoColor: {r: 0.5, g: 0.5, b: 0.5, a: 1}
  State: {fileID: 0}
  OverrideStateViscoComponents: 1
  cameraStartGoingToActions:
    List: []
  cameraArriveActions:
    List: []
  cameraLeaveActions:
    List: []
  backButtonActions:
    List: []
  MyCommonTools:
    viscoButtonList: {fileID: 0}
    viscoButtonsSize: {x: 0, y: 0}
    viscoDescriptionManager: {fileID: 0}
    viscoVideoManager: {fileID: 0}
    viscoImageManager: {fileID: 0}
    sideMenuManager: {fileID: 0}
