%YAML 1.1
%TAG !u! tag:unity3d.com,2011:
--- !u!1001 &100100000
Prefab:
  m_ObjectHideFlags: 1
  serializedVersion: 2
  m_Modification:
    m_TransformParent: {fileID: 0}
    m_Modifications: []
    m_RemovedComponents: []
  m_ParentPrefab: {fileID: 0}
  m_RootGameObject: {fileID: 1997203491067738}
  m_IsPrefabParent: 1
--- !u!1 &1985873729718644
GameObject:
  m_ObjectHideFlags: 0
  m_PrefabParentObject: {fileID: 0}
  m_PrefabInternal: {fileID: 100100000}
  serializedVersion: 5
  m_Component:
  - component: {fileID: 4057613876972174}
  - component: {fileID: 114812464155195420}
  m_Layer: 0
  m_Name: State1
  m_TagString: Untagged
  m_Icon: {fileID: 0}
  m_NavMeshLayer: 0
  m_StaticEditorFlags: 0
  m_IsActive: 1
--- !u!1 &1997203491067738
GameObject:
  m_ObjectHideFlags: 0
  m_PrefabParentObject: {fileID: 0}
  m_PrefabInternal: {fileID: 100100000}
  serializedVersion: 5
  m_Component:
  - component: {fileID: 4006068992052426}
  - component: {fileID: 114476120821248764}
  - component: {fileID: 114633891729892524}
  - component: {fileID: 114220266031494572}
  m_Layer: 0
  m_Name: StatesRootObjectPrefab
  m_TagString: Untagged
  m_Icon: {fileID: 0}
  m_NavMeshLayer: 0
  m_StaticEditorFlags: 0
  m_IsActive: 1
--- !u!4 &4006068992052426
Transform:
  m_ObjectHideFlags: 1
  m_PrefabParentObject: {fileID: 0}
  m_PrefabInternal: {fileID: 100100000}
  m_GameObject: {fileID: 1997203491067738}
  m_LocalRotation: {x: -0, y: -0, z: -0, w: 1}
  m_LocalPosition: {x: 0, y: 0, z: 0}
  m_LocalScale: {x: 1, y: 1, z: 1}
  m_Children:
  - {fileID: 4057613876972174}
  m_Father: {fileID: 0}
  m_RootOrder: 0
  m_LocalEulerAnglesHint: {x: 0, y: 0, z: 0}
--- !u!4 &4057613876972174
Transform:
  m_ObjectHideFlags: 1
  m_PrefabParentObject: {fileID: 0}
  m_PrefabInternal: {fileID: 100100000}
  m_GameObject: {fileID: 1985873729718644}
  m_LocalRotation: {x: -0, y: -0, z: -0, w: 1}
  m_LocalPosition: {x: 0, y: 0, z: 0}
  m_LocalScale: {x: 1, y: 1, z: 1}
  m_Children: []
  m_Father: {fileID: 4006068992052426}
  m_RootOrder: 0
  m_LocalEulerAnglesHint: {x: 0, y: 0, z: 0}
--- !u!114 &114220266031494572
MonoBehaviour:
  m_ObjectHideFlags: 1
  m_PrefabParentObject: {fileID: 0}
  m_PrefabInternal: {fileID: 100100000}
  m_GameObject: {fileID: 1997203491067738}
  m_Enabled: 1
  m_EditorHideFlags: 0
  m_Script: {fileID: 11500000, guid: 8388a98cb14f3f7459a49ea31b4e425d, type: 3}
  m_Name: 
  m_EditorClassIdentifier: 
  DefaultContextMenuButtonsSize: {x: 100, y: 60}
  BackButon: {fileID: 0}
  DefaultTextBox: {fileID: 0}
  DefaultVideoButton: {fileID: 0}
  DefaultVideoPlayer: {fileID: 0}
  DefaultImageButton: {fileID: 0}
  ContextMenu: {fileID: 0}
  SideMenu: {fileID: 0}
  showPrevNextButtons: 0
  PreviousStateButton: {fileID: 0}
  NextStateButton: {fileID: 0}
--- !u!114 &114476120821248764
MonoBehaviour:
  m_ObjectHideFlags: 1
  m_PrefabParentObject: {fileID: 0}
  m_PrefabInternal: {fileID: 100100000}
  m_GameObject: {fileID: 1997203491067738}
  m_Enabled: 1
  m_EditorHideFlags: 0
  m_Script: {fileID: 11500000, guid: 8fd0d59304ef41140b78916f48784120, type: 3}
  m_Name: 
  m_EditorClassIdentifier: 
  currentState: {fileID: 0}
  previousState: {fileID: 0}
  presentationIsLinear: 0
  rootHotSpotObject: {fileID: 0}
--- !u!114 &114633891729892524
MonoBehaviour:
  m_ObjectHideFlags: 1
  m_PrefabParentObject: {fileID: 0}
  m_PrefabInternal: {fileID: 100100000}
  m_GameObject: {fileID: 1997203491067738}
  m_Enabled: 1
  m_EditorHideFlags: 0
  m_Script: {fileID: 11500000, guid: 8ba1cb39d356ac34e8325dd711974ed0, type: 3}
  m_Name: 
  m_EditorClassIdentifier: 
  "main\u0421amera": {fileID: 0}
--- !u!114 &114812464155195420
MonoBehaviour:
  m_ObjectHideFlags: 1
  m_PrefabParentObject: {fileID: 0}
  m_PrefabInternal: {fileID: 100100000}
  m_GameObject: {fileID: 1985873729718644}
  m_Enabled: 1
  m_EditorHideFlags: 0
  m_Script: {fileID: 11500000, guid: 76cbd676b0dc8244fb0f44f2cf2a0135, type: 3}
  m_Name: 
  m_EditorClassIdentifier: 
  StateIndex: 0
  StateDescription: 
  showStateDescription: 0
  DevelopersOwnNotes: 
  MyHotspot: {fileID: 0}
  statesHotspotMoveToMode: 0
  OnArrivalEvents:
    List: []
  ForwardEvents:
    List: []
  autoPlayForward: 0
  BackwardEvents:
    List: []
  autoPlayBackward: 0
  hasAnimations: 0
  _checkingInvokes: 0
